3068 4868
544 384 715 452 '27

132 541 226 607 deam
248 557 312 605 non
334 508 437 606 habeo
455 538 517 606 nisi
532 539 600 620 hoc,
624 539 831 606 similitudine
847 538 936 605 uerbi
951 537 1043 605 latini
1059 529 1258 621 ‘prolapsus'

133 663 165 724 et
188 659 295 742 graeci
316 651 539 726 ‘aeconomia'
563 659 595 726 in
618 662 743 742 turpem
766 641 905 724 errorem
928 661 961 724 et
981 655 1070 740 ipsos
1088 658 1258 741 prolapsos

132 796 214 844 1111.
235 779 317 844 bene
332 777 545 862 Schlaegcrus
570 777 600 859 [l.
616 777 636 843 l.
657 798 687 862 p.
703 779 772 859 301:
794 772 966 861 ‘quomodo
981 777 1072 844 trabs
1089 777 1211 843 caelum
1227 781 1259 842 et

131 900 257 980 tergum
273 897 398 964 asinum
414 896 593 980 significare
607 899 740 980 potest?
763 897 790 963 si
805 898 865 963 hoc
881 914 991 962 uerum
1008 901 1067 978 est,
1088 897 1129 962 de
1144 896 1258 978 quouis

132 1017 259 1099 quiduis
280 1016 387 1084 facere
408 1008 540 1083 licebit'.
571 1017 691 1082 omissa
705 1017 775 1083 Iani
790 1014 954 1099 Rutgersii
977 1021 1054 1096 [111.
1070 1017 1155 1082 lectt.
1171 1017 1200 1096 3,
1217 1013 1271 1098 81,

130 1137 185 1218 qui
200 1137 240 1203 de
255 1136 349 1219 gibbo
365 1136 545 1203 Domitiano
563 1137 734 1204 somnianti
755 1141 850 1203 enato
873 1136 1053 1218 somniauit,
1075 1134 1259 1218 opinatione

131 1258 216 1338 (cam
237 1260 325 1322 recte
348 1255 465 1323 refellit
487 1255 717 1340 Schwarzius),
748 1257 790 1322 ad
811 1254 939 1321 tertiam
962 1255 1259 1338 interpretationem

130 1375 333 1442 refutandam
360 1376 515 1458 accingor.
546 1395 620 1442 nam
643 1375 795 1442 Barthius
820 1375 904 1456 [adu.
927 1393 952 1441 c.
968 1375 1036 1456 16],
1066 1374 1191 1457 Dousa,
1221 1376 1258 1440 L.

133 1493 306 1560 Muellerus
338 1495 390 1575 [ad
409 1495 508 1562 Lucil.
527 1495 575 1584 III
596 1495 649 1577 50]
672 1495 796 1562 trabem
818 1514 876 1579 pro
899 1499 1044 1561 muttone
1066 1493 1257 1578 accipientes

131 1611 226 1678 etin
254 1619 365 1697 partes
394 1619 547 1681 uocantes
576 1615 689 1681 Lucilii
717 1635 847 1682 uersum
870 1609 948 1682 ‘non
977 1612 1117 1698 peperit,
1147 1632 1258 1680 uerum

129 1732 253 1814 postica
267 1737 360 1816 parte
374 1727 539 1816 profudit’,
561 1734 733 1817 Sulpiciam
754 1735 898 1802 lecerunt
916 1735 1083 1816 dicentem,
1104 1734 1258 1800 Domitia·

129 1870 205 1916 num
227 1869 291 1917 non
314 1854 488 1920 secundum
510 1872 707 1920 communem
729 1859 864 1922 naturae
886 1855 1028 1921 ordinem
1045 1858 1257 1936 procreatum,

130 1970 190 2036 sed
212 1976 340 2054 epatre
362 1977 546 2040 excecatum
570 1991 649 2040 esse.
680 1992 744 2040 non
760 1993 851 2057 nego,
874 1992 894 2040 1
909 1973 1037 2040 satirico
1052 1979 1151 2057 poeta
1165 1993 1257 2056 spur-

131 2109 202 2155 cum
224 2091 361 2174 aliquem
383 2092 543 2160 hominem
565 2113 604 2159 ex
621 2094 828 2177 spurcissima
845 2092 948 2160 nostri
965 2096 1057 2176 parte
1071 2093 1258 2177 prolapsum

130 2228 228 2292 posse
255 2210 347 2294 fingi,
378 2212 437 2278 sod
462 2213 542 2278 illud
566 2214 662 2279 etiam
684 2218 780 2296 atque
803 2213 899 2279 etiam
920 2231 1018 2296 nego,
1045 2211 1131 2309 patri
1158 2230 1257 2295 posse

131 2329 263 2396 attribui
283 2331 382 2397 talem
404 2336 531 2416 partum
553 2332 607 2415 qui
628 2334 728 2400 solius
750 2333 861 2400 matris
884 2337 962 2400 erat.
993 2331 1021 2398 si
1043 2333 1130 2415 apud
1153 2332 1257 2415 Sulpi·

131 2450 213 2548 11111
234 2451 412 2534 legeremus
434 2453 500 2520 tale
523 2453 599 2535 quid
621 2446 700 2519 ‘non
722 2448 834 2520 matris
857 2453 897 2520 ab
913 2453 996 2535 aluo,
1019 2453 1078 2518 sed
1101 2469 1162 2519 ano
1183 2470 1258 2535 pro-

129 2569 242 2652 lapsus
270 2563 343 2653 111,
373 2569 478 2638 omnia
506 2571 588 2639 bene
617 2591 653 2639 se
674 2572 838 2639 haberent.
869 2576 902 2638 et
922 2572 969 2638 ita
989 2570 1124 2638 Heinius
1145 2577 1258 2638 noster

129 2689 200 2755 loco
222 2707 242 2755 a
263 2690 298 2755 L.
320 2690 475 2756 Muellero
498 2691 622 2758 adlato:
649 2686 803 2758 thalden
826 2691 987 2775 Alterweg
1009 2710 1195 2774 genommen
1216 2710 1258 2757 zu

129 2809 188 2874 der
208 2809 328 2875 Mutter
351 2809 491 2876 Schreck
510 2812 576 2877 und
600 2803 738 2877 Scham’.
773 2830 856 2878 nunc
885 2830 956 2877 cum
984 2811 1085 2878 trabis
1115 2815 1147 2876 et
1173 2812 1257 2894 tergi

128 2927 294 2994 uocabulis
316 2965 358 2976 -
380 2933 416 2995 ut
437 2930 498 2996 hoc
519 2949 578 3013 pro
599 2930 714 3014 podice
736 2931 855 2997 dictum
877 2931 1038 3013 patienter
1058 2931 1198 2998 ieramus
1213 2969 1256 2979 —

129 3047 232 3128 patris
261 3051 293 3113 et
314 3049 426 3118 matris
454 3049 487 3114 in
509 3050 667 3132 pariendo
693 3049 748 3116 illo
776 3055 920 3116 monstro
949 3069 1082 3117 munera
1109 3050 1194 3118 inter
1222 3069 1257 3118 se

128 3166 339 3250 misceantur,
369 3169 471 3234 omnis
493 3169 558 3235 1111
578 3169 802 3252 interpretatio
822 3169 937 3236 recidit
957 3170 1000 3236 ad
1014 3171 1155 3236 nihilum.
1183 3171 1257 3238 reli-

129 3303 213 3366 quae
233 3304 310 3354 uero
333 3265 559 3371 explicationes
583 3289 697 3356 a'uiris
718 3290 822 3355 doctis
843 3289 949 3356 factae
971 3291 1098 3358 silentio
1119 3295 1257 3374 possunt

127 3405 268 3470 transiri.
302 3407 449 3490 equidem
471 3407 503 3474 in
527 3411 676 3490 eandem,
704 3409 738 3474 in
761 3427 855 3492 quam
885 3409 948 3476 iam
972 3411 1046 3476 olim
1069 3410 1256 3494 Soriuerius,

125 3522 226 3590 ineu
248 3527 470 3609 suspicionem,
492 3527 543 3593 ne
566 3528 608 3593 au
629 3506 829 3595 notissimam
851 3527 939 3595 tuam
963 3527 1162 3610 [111111.
1184 3532 1201 3597 1
1223 3533 1254 3613 a]

129 3643 169 3708 dc
184 3644 272 3710 ranis
286 3665 395 3728 regem
411 3648 1007 3730 11111111111111111111111111111,
1022 3649 1118 3716 11111
1130 3652 1256 3734 poetria

125 3762 160 3828 in
182 3757 381 3848 ‘prolapsus'
405 3784 483 3832 uoce
505 3767 620 3833 ludens
642 3766 723 3833 haec
744 3766 811 3834 fere
834 3768 935 3834 dicat:
967 3769 1169 3838 Domitianus
1190 3791 1254 3836 non

126 3881 227 3967 trabe,
248 3903 343 3967 quarn
364 3890 481 3968 poetae
502 3885 636 3968 fingunt,
659 3886 700 3952 de
722 3888 811 3954 caelo
832 3889 985 3971 prolapsa
1008 3893 1042 3954 et
1063 3908 1083 3955 1
1104 3891 1190 3956 ranis
1212 3889 1254 3955 ir·
1282 3871 1287 3874 ’

125 4001 194 4068 risa
215 4008 311 4086 atque
332 4005 472 4073 innocua
492 4010 551 4087 est,
573 4005 631 4072 sed
653 4007 745 4072 homo
767 4007 949 4090 prolapsus,
969 4007 1004 4075 id
1027 4012 1087 4090 est,
1109 4027 1255 4091 pessum-

11 4109 12 4116 '
125 4123 223 4188 datus
236 4123 374 4206 ideoque
389 4126 559 4192 timendus.
580 4125 690 4209 itaque
712 4143 784 4192 cum
805 4145 989 4210 quaererem
1011 4128 1044 4194 in
1062 4127 1117 4195 illo
1133 4120 1254 4212 ‘tergo’

125 4245 237 4324 aptam
256 4242 331 4310 huic
353 4245 531 4311 sententiae
547 4263 658 4311 uocem
675 4263 758 4328 quae
773 4245 866 4312 simul
882 4247 1108 4313 allitteratione
1123 4248 1175 4313 uel
1190 4237 1276 4315 alio'

125 4363 221 4428 modo
249 4363 297 4428 illi
319 4356 437 4431 ‘trabe'
462 4364 663 4446 conueniret,
693 4365 823 4448 scripsi:
845 4361 926 4432 ‘non
952 4365 1061 4446 trabs,¹
1086 4367 1146 4433 sed
1168 4369 1253 4434 trino
