3068 4868
815 317 859 384 24

273 473 415 540 bedenis.
448 472 486 540 cf.
500 470 670 538 Petronius
694 473 731 550 [c.
746 468 778 551 5]
794 464 883 536 ‘hinc
896 469 1042 534 Romana
1055 483 1169 534 manus
1185 457 1402 532 circumfluat'.

272 594 314 659 de
328 595 397 658 toto
416 592 485 658 loco
501 591 548 655 ita
562 588 695 654 Bootius
715 592 756 671 [p.
774 589 841 670 141:
864 583 1004 654 ‘duobus
1028 585 1114 652 uitiis
1135 583 1283 651 laborant
1303 584 1402 654 verba

273 704 409 792 “pacem
424 708 529 792 longis
545 707 684 773 frenauit
697 699 864 774 habenis²².
885 711 972 773 recte
988 705 1119 772 dixeris:
1135 704 1261 770 frenare
1276 703 1401 786 bellum,

274 827 423 910 furorem,
443 827 532 908 iram,
554 825 684 907 similia;
709 827 768 892 sed
783 820 933 891 “frenare
946 817 1083 908 pacem”
1101 827 1152 890 est
1165 823 1336 890 insolitum.
1359 841 1402 888 an

275 944 460 1029 putabimus
481 947 643 1012 Romanos
672 945 744 1029 paci
771 945 895 1012 frenum
925 945 1089 1026 iniecisse,
1119 963 1159 1010 ne
1179 942 1327 1009 licentius
1349 961 1403 1008 ex-

276 1065 415 1132 ultaret?
446 1065 473 1132 si
494 1065 556 1132 hoc
577 1071 648 1133 erat
676 1083 786 1134 eorum
815 1064 997 1146 consilium,
1027 1063 1134 1146 potius
1157 1061 1204 1129 uti
1225 1061 1404 1128 debuerant

274 1181 380 1268 firmis
406 1183 540 1252 habenis
568 1203 663 1269 quam
692 1187 814 1270 loupis,
846 1202 908 1267 qno
931 1183 1089 1250 adiectiuo
1113 1182 1220 1264 laxae,
1250 1181 1404 1247 remissus

275 1301 420 1369 habenas
443 1303 604 1388 designari
633 1309 701 1370 tum
724 1304 868 1384 credam,
897 1303 1025 1384 quando
1052 1300 1128 1368 boni
1156 1299 1321 1382 scriptoris
1349 1300 1405 1366 uel

276 1427 391 1505 poetae
414 1423 605 1490 auctoritate
625 1423 705 1489 haec
723 1420 891 1504 explicatio
909 1421 1030 1487 munita
1046 1413 1130 1486 erit'.
1153 1424 1187 1485 at
1201 1419 1406 1487 notissimum

278 1546 330 1607 est
351 1559 422 1608 cum
443 1541 661 1624 Uergilianum
685 1542 775 1621 [Aen.
797 1540 813 1604 I
835 1538 899 1604 522
914 1543 988 1620 sq.]:
1011 1533 1045 1604 ‘o
1067 1537 1192 1620 regina,
1214 1557 1330 1604 nouam
1354 1537 1407 1604 cui

278 1661 415 1726 condere
436 1660 579 1744 Iuppiter
601 1659 710 1725 urbem
732 1659 918 1739 derelictoque
941 1656 1029 1722 dedit
1053 1663 1166 1742 prutes
1186 1654 1328 1740 frenare
1351 1677 1408 1723 su-

277 1770 419 1862 perbos’,
441 1782 510 1845 tum
530 1779 618 1860 illud,
640 1777 730 1861 pacis
752 1775 908 1844 uocabulo
929 1776 1089 1842 interdum
1112 1774 1284 1858 significari
1304 1775 1408 1857 impe-

277 1897 359 1963 rium
389 1896 438 1978 [cf.
461 1896 642 1964 Gronouius
665 1897 707 1963 ad
729 1897 801 1964 Tac.
830 1915 903 1964 ann.
925 1897 987 1962 llll
1008 1897 1050 1962 32
1074 1899 1107 1961 et
1126 1894 1214 1962 lectt.
1236 1913 1328 1960 meae
1349 1894 1407 1961 lat.

277 2037 310 2100 p.
325 2009 387 2098 41].
418 2017 528 2100 itaque
541 2015 677 2082 Romani
697 2014 867 2082 frenabant
889 2015 997 2082 orbem
1018 2019 1168 2100 pacatum
1190 2014 1237 2080 ita
1258 2017 1295 2078 ut
1313 2013 1406 2080 laxas

280 2136 395 2202 darent
409 2134 552 2202 habenas
566 2134 725 2219 gentibus.
747 2153 849 2218 neque
866 2135 948 2200 enim
961 2154 1055 2218 egere
1067 2139 1146 2217 puto
1162 2133 1314 2216 exemplis
1325 2132 1407 2198 illud

279 2248 399 2338 ‘longis
417 2247 573 2336 habenis,
596 2272 788 2337 quemquam
808 2253 1014 2337 singulariter
1023 2252 1054 2338 *)
1074 2256 1110 2319 nt
1127 2253 1257 2320 uidetur
1277 2253 1406 2319 dictum.

279 2391 353 2441 nam
370 2373 465 2472 irena
484 2375 592 2440 laxata
606 2393 665 2456 per
680 2392 716 2439 se
730 2373 828 2458 longa
851 2376 1021 2453 [nostrumz
1041 2372 1118 2456 lang
1134 2373 1298 2453 wallende]
1322 2376 1407 2439 sunt.

278 2493 388 2577 itaque
411 2512 474 2559 non
497 2511 578 2586 opus
602 2496 652 2560 est
674 2511 711 2560 eo
729 2492 815 2576 quod
836 2491 913 2558 mihi
931 2491 1102 2574 aliquando
1117 2490 1150 2559 in
1165 2495 1303 2558 mentem
1319 2491 1408 2558 uenit

280 2605 399 2695 ‘longis
429 2605 583 2695 harenis,
611 2613 732 2695 idest,
760 2611 794 2677 in
816 2611 949 2694 imperio
976 2611 1071 2696 longe
1098 2611 1233 2695 prolato.
1265 2615 1408 2678 ceterum

281 2730 318 2798 cl.
331 2714 481 2799 Lucanus
497 2733 569 2812 [VII
583 2733 649 2813 iil:
660 2727 803 2815 ‘populis
814 2731 985 2814 frenosque
996 2730 1175 2799 furentibus
1186 2731 1236 2798 ira
1245 2725 1408 2798 laxat.—

280 2852 322 2916 29
344 2853 419 2934 ipsu
437 2850 525 2916 domi
541 2852 628 2937 depes
645 2859 677 2917 et
696 2851 801 2916 Graio
816 2853 950 2916 inocente
965 2858 1161 2916 retractans.
1204 2850 1337 2917 uerbum
1358 2868 1409 2917 re-

280 2969 450 3052 tractandi,
473 2974 510 3036 ut
532 2988 631 3053 supra
651 2990 682 3038 u.
698 2971 728 3052 3,
748 2988 808 3055 pro
831 2970 966 3054 simplici
987 2970 1128 3053 positum
1151 2973 1209 3036 est.
1232 2964 1346 3036 ‘Greia
1360 2968 1409 3034 in-

282 3080 394 3156 uenta'
417 3088 567 3173 intellege
590 3088 842 3173 philosophiam
865 3089 902 3158 cf.
917 3090 1086 3157 Lucretius
1110 3090 1240 3171 [1136]:
1263 3083 1336 3154 ‘nec
1356 3108 1410 3154 me

282 3207 379 3275 animi
401 3207 485 3275 fallit
502 3208 681 3274 &odorum
702 3209 839 3277 obscura
859 3218 996 3296 reporto
1018 3208 1148 3276 difficile
1166 3208 1340 3276 inlustrare
1361 3208 1409 3274 la-

282 3326 359 3394 tinis
388 3328 536 3396 uersibus
565 3321 659 3396 esse'.
682 3366 724 3376 —
768 3330 810 3395 30
832 3332 941 3394 omniu
964 3330 1120 3395 bellorum
1144 3337 1239 3394 terro
1262 3330 1411 3416 quaesito

285 3449 432 3533 moro'pue
445 3451 609 3532 proemio.
640 3447 677 3515 cf.
692 3448 862 3516 Petronius
886 3453 923 3530 [e.
939 3449 1010 3546 1191
1025 3451 1094 3530 32];
1117 3443 1301 3532 ‘omniaque
1322 3448 1410 3514 orbis

283 3567 427 3649 praemia
448 3568 604 3653 correptis
626 3567 718 3634 miles
741 3587 843 3652 uagus
866 3569 985 3636 essurit
1000 3560 1121 3636 armis'.
1142 3606 1185 3616 —
1207 3570 1247 3635 31
1271 3569 1410 3633 consilio

351 3791 377 3852 *)
394 3805 444 3840 non
461 3807 516 3842 eum
532 3793 636 3853 nescius,
654 3794 685 3840 N.
703 3793 835 3842 Heinsium
851 3793 877 3840 in
895 3792 1024 3841 Claudiani
1041 3794 1227 3854 epigrammate,
1244 3795 1283 3841 eui
1299 3787 1339 3842 ‘de
1356 3808 1410 3841 mu-

282 3892 354 3941 labus
371 3887 474 3955 gallicie’
492 3894 640 3954 entecnius,
658 3909 682 3942 u.
697 3897 712 3944 b
729 3888 851 3954 ‘quemuis
869 3909 980 3956 quaeque
997 3895 1045 3944 eibi
1062 3897 1144 3956 longis
1161 3875 1282 3944 discurrat
1298 3888 1412 3945 habenis'

282 4011 314 4044 ex
331 3996 401 4044 codd.
418 3996 594 4045 restituendum
611 3997 803 4046 commendasse.
826 3997 871 4046 sed
886 3998 1015 4046 certiorem
1030 4012 1069 4047 me
1081 3999 1139 4046 feeit
1149 3999 1290 4048 Ludouicus
1302 4000 1410 4060 Ieepius,

283 4098 344 4147 illud
360 4089 458 4160 ‘longis'
475 4099 501 4146 in
518 4099 579 4148 solis
596 4099 665 4147 codd.
681 4099 799 4147 Uaticano
815 4101 881 4148 2809
900 4115 962 4150 saec
976 4101 1012 4150 x1
1030 4107 1054 4150 et
1067 4101 1187 4150 Uossieno
1205 4105 1255 4151 264
1273 4116 1336 4150 seeo.
1348 4101 1411 4148 Xlll

283 4201 397 4262 inueniri,
416 4215 471 4249 oum
487 4201 546 4250 libri
559 4200 710 4264 Gyraldinus
728 4205 752 4250 et
763 4202 913 4251 Ueronensis
930 4218 993 4253 saec.
1007 4203 1044 4252 IX
1060 4198 1143 4252 ‘nullis
1160 4205 1220 4253 disc.
1238 4194 1349 4254 habenis’
1367 4219 1410 4252 ex·

283 4303 392 4352 hibeunt.
