3068 4868
213 1417 261 1482 De
283 1433 385 1498 paruo
407 1421 440 1482 et
458 1417 564 1500 exigui
584 1417 681 1500 pretii
702 1417 841 1484 carmine
861 1415 1039 1498 scripturus
1061 1432 1141 1496 sum,
1163 1415 1257 1496 quod,

130 1553 225 1617 quam
247 1554 359 1601 uerum
382 1535 424 1601 sit
445 1535 525 1601 illud
543 1537 651 1602 Ouidii
666 1531 802 1602 ‘habent
824 1553 884 1602 sua
902 1533 971 1601 fata
989 1525 1114 1616 libelli,
1133 1533 1256 1616 plenis·

129 1655 208 1720 sime
235 1655 391 1720 ostendit:
423 1655 582 1738 Sulpiciae
610 1674 693 1738 quae
723 1659 860 1721 uocatur
888 1654 1021 1720 satiram
1051 1653 1132 1719 dico.
1163 1670 1258 1734 quarn

129 1792 199 1838 cum
221 1778 347 1840 ueteres
365 1774 518 1856 philologi
536 1775 615 1841 miro
635 1793 741 1841 amore
758 1772 897 1856 amplexi
915 1777 1025 1840 essent
1039 1772 1260 1854 fecissentque
1331 1763 1335 1772 ’

130 1893 232 1971 (cuius
256 1893 373 1958 amoris
396 1893 580 1958 testimonia
604 1898 715 1960 extant
741 1893 899 1960 editiones
920 1893 1090 1975 plurimae,
1121 1891 1162 1956 de
1182 1909 1260 1973 qua-

128 2029 198 2075 rum
215 2011 397 2092 potissimis
420 2010 458 2077 cf.
476 2014 552 2078 Otto
573 2013 705 2080 Iahnius
727 2014 760 2079 in
780 2011 946 2078 quenalis
970 2010 1109 2076 editione
1129 2009 1260 2091 minore,

128 2130 232 2196 Berol.
257 2129 357 2212 1868,
378 2131 477 2213 praef.
498 2150 529 2213 p.
547 2133 589 2196 10
605 2137 683 2215 sq),
713 2136 826 2198 nostra
848 2135 956 2198 aetate
976 2129 1043 2196 fere
1065 2127 1261 2211 contemptui

101 2283 103 2290 ,
128 2250 317 2315 habuerunt.
341 2254 427 2316 certe
448 2250 633 2333 paucissimi
657 2253 749 2334 eique
770 2250 837 2334 ipsi
858 2249 960 2317 obiter
982 2253 1107 2316 tantum
1129 2252 1162 2314 et
1183 2249 1262 2314 data
1295 2307 1302 2328 ,

131 2369 298 2436 occasione
318 2369 426 2434 libello
450 2371 628 2436 enarrando
656 2371 710 2438 uel
732 2369 932 2437 emendando
954 2369 1157 2436 studuerunt.
1185 2367 1261 2450 quin

131 2507 169 2554 eo
197 2507 298 2570 usque
326 2487 511 2570 despicatus
539 2487 602 2554 iste
627 2489 800 2571 processit,
829 2493 866 2553 ut
893 2487 1075 2570 nuperrime
1100 2489 1146 2553 Io.
1168 2487 1262 2554 Corn.

131 2607 204 2671 Ger.
226 2585 309 2673 Boot
330 2608 474 2672 Batauus
497 2625 623 2674 carmen
646 2613 713 2673 tam
734 2606 900 2690 inelegans
923 2625 982 2673 suo
1005 2607 1067 2673 sibi
1087 2607 1157 2672 iure
1179 2605 1261 2673 auti-

130 2724 244 2806 quitati
272 2723 431 2808 abnegare
457 2727 624 2815 uideretur
657 2725 706 2808 [cf.
729 2726 797 2792 eius
825 2727 1049 2794 commentatio
1077 2725 1261 2792 academiae

53 2865 54 2868 ¹
129 2843 406 2909 Nederlandorum
428 2845 508 2911 actis
531 2845 653 2912 inserta
675 2841 731 2912 ‘dc
749 2845 909 2928 Sulpiciae
925 2863 1007 2928 quae
1022 2845 1124 2911 fertur
1141 2837 1260 2927 satira',

129 2962 487 3044 Amstelodami1868l.
518 2965 611 3034 uaria
633 2966 673 3032 de
700 2966 762 3031 hoc
788 2970 965 3037 commento
994 2963 1114 3030 iudicia
1133 2963 1262 3046 prolata

130 3086 220 3147 sunt:
250 3081 481 3164 impugnabant
508 3084 587 3149 illud
615 3089 699 3166 tres,
731 3090 885 3167 quantum
914 3084 1062 3167 equidem
1090 3083 1171 3164 scio,
1200 3082 1262 3147 uiri

130 3200 226 3282 docti,
247 3200 433 3268 Dominicus
449 3202 574 3269 Garutti
587 3203 690 3270 Italus
713 3199 734 3285 Γ
741 3203 902 3287 Sulpiciae
918 3201 1027 3270 Caleni
1042 3203 1151 3269 satira.
1186 3202 1261 3268 Reo.

130 3319 170 3383 D.
190 3319 222 3384 Ο.
243 3320 409 3402 Augustae
426 3321 635 3388 Taurinorum
661 3324 771 3404 lauat,
792 3322 954 3389 Martinus
977 3323 1036 3389 des
1051 3321 1180 3388 Amorie
1199 3340 1260 3387 van

131 3439 191 3502 der
218 3437 350 3504 Hoeven
380 3440 565 3524 Batauus*)
598 3443 658 3522 lile
689 3442 788 3523 Gids,
819 3447 895 3508 tom.
916 3441 980 3523 IV,
1011 3440 1146 3508 Amstel.
1169 3440 1262 3521 1868,

130 3577 161 3638 p.
176 3557 368 3639 tos-4101,
391 3560 551 3626 Lucienus
569 3561 706 3643 denique
722 3560 858 3629 Mueller
875 3565 1003 3627 nostras
1020 3563 1141 3640 [comm.
1158 3557 1259 3624 Lucil.

131 3696 162 3759 p.
178 3677 256 3742 283:
288 3676 387 3744 ‘cuius
409 3678 595 3760 (Sulpiciae)
618 3681 762 3762 spurium
784 3684 817 3746 et
838 3696 921 3746 saec.
938 3677 998 3747 XV
1021 3677 1062 3744 ab
1082 3677 1167 3744 Italo
1189 3695 1261 3744 nes-

132 3795 181 3861 cio
203 3813 266 3877 quo
289 3797 503 3878 couscriptum
525 3816 651 3876 carmen
679 3817 783 3881 nuper
802 3799 926 3880 inepte,
954 3801 991 3862 ut
1020 3797 1118 3879 solet,
1147 3795 1263 3863 statuit

131 3913 266 3980 Boetius
281 3909 624 3998 Amstelodamensis'];
646 3916 753 3985 fautor
768 3935 848 3984 sane
862 3927 957 4000 quarn
979 3916 1189 4000 grauissimus
1209 3933 1261 3981 ax-

203 4067 228 4132 *)
245 4069 318 4120 huius
340 4071 491 4119 recensionis
515 4072 627 4120 notitiam
647 4075 666 4120 Ι.
687 4073 714 4122 0.
734 4073 882 4135 Vollgrufllo
906 4072 985 4121 amico
1008 4070 1146 4133 Capitolino
1169 4069 1256 4128 debeo,

133 4175 252 4233 excerpta
268 4173 443 4224 humanissime
462 4172 528 4222 Guil.
547 4175 579 4223 du
595 4175 659 4226 Rteu
675 4175 750 4225 misit.

700 4285 718 4320 ⁸
906 4217 911 4225 1
1041 4281 1055 4336 1
