3068 4868
802 321 846 388 34

252 467 484 543 'scribendo‘et
496 477 656 560 paritura
674 474 844 557 penatibus
862 465 964 540 nxor'.
983 511 1029 570 ⁴—-
1049 472 1092 540 55
1109 491 1156 557 sq.
1179 481 1231 539 ast
1246 474 1299 539 abi
1314 430 1402 558 pram3

257 615 375 660 secana
393 596 480 660 redit
488 644 500 676 ,
525 593 625 658 ollito
643 592 800 679 factorum
817 593 912 678 plebs
930 600 1097 677 molerqne
1114 613 1180 657 rona
1196 613 1306 658 somno
1325 614 1395 656 mo-

196 745 198 748 *
261 717 394 778 clienter·
410 714 515 778 obeso.
544 713 615 779 uice
632 705 823 795 uocis‘pax'
843 704 1033 794 VP‘apes‘
1056 711 1197 778 tradunt.
1220 712 1309 779 cuius
1327 712 1395 781 lec-

257 833 355 899 tionis
383 831 568 900 delensores
593 851 657 898 non
679 835 870 914 reputarunt
893 849 997 914 neque
1019 830 1174 925 singulari
1192 850 1323 897 numero
1338 832 1395 898 hic

256 952 360 1018 locum
385 969 458 1018 esse
480 951 580 1018 ullum
603 969 662 1018 neo
688 951 816 1018 omnino
842 950 902 1018 hos
925 969 1040 1018 uersus
1061 937 1102 1015 ad
1126 968 1204 1032 apes
1227 951 1394 1032 portinere

256 1090 368 1154 posse,
391 1071 508 1154 quippe
526 1089 623 1154 quae,
645 1076 682 1137 ut
698 1072 780 1137 bene
800 1069 955 1136 Buherius
977 1071 1008 1150 [l.
1026 1071 1046 1136 1.
1064 1089 1094 1152 p.
1110 1069 1201 1150 2581,
1223 1088 1283 1136 nec
1300 1069 1393 1135 fauo-

256 1210 326 1256 rum
348 1209 488 1273 unquam
514 1190 745 1257 obliuiscantur
767 1208 825 1255 uec
850 1208 961 1255 somno
980 1189 1159 1255 moriautur
1177 1188 1282 1256 obeso.
1312 1188 1408 1256 dicit·

255 1309 390 1392 poetria,
411 1309 495 1375 bello
512 1310 644 1376 ardente
660 1311 822 1376 Romanos
837 1309 934 1392 plane
949 1307 1058 1390 apium
1074 1307 1178 1374 instar
1193 1325 1390 1390 concurrere,

256 1433 291 1494 at
305 1447 385 1510 pace
402 1429 554 1495 restituta
567 1429 704 1512 turpiter
717 1446 914 1495 marcescere
929 1428 1069 1494 eosdem.
1091 1428 1199 1510 itaque
1214 1446 1273 1510 pro
1284 1419 1388 1510 ‘apes'

256 1548 384 1631 egregie
403 1548 439 1613 L.
455 1546 630 1614 Muellerus
652 1548 736 1628 [dr.
754 1567 794 1613 m.
813 1547 888 1627 317]
910 1547 1055 1628 reposuit
1071 1539 1167 1628 ‘res',
1200 1565 1390 1629 comparans

256 1683 386 1732 uersum
402 1666 535 1748 Uergilii
556 1667 582 1747 [I
598 1667 673 1748 563]
686 1661 753 1733 ‘res
771 1668 852 1733 dura
869 1671 902 1732 et
922 1666 1014 1750 regui
1031 1665 1158 1733 nouitas
1177 1685 1228 1732 me
1244 1665 1324 1732 talia
1338 1685 1390 1733 eo-

256 1779 359 1869 guut‘.
388 1804 484 1868 porro
500 1779 690 1868 ‘fanorum',
718 1805 777 1869 pro
801 1806 863 1869 quo
884 1773 1040 1852 ‘suorum'
1061 1787 1107 1868 V,
1138 1790 1214 1868 apte
1235 1786 1389 1856 Heinsius

256 1905 393 1972 mutauit
410 1905 443 1971 in
456 1898 632 1972 ‘laborum'.
655 1925 685 1971 u.
701 1905 743 1972 56
759 1907 824 1973 PV
839 1901 946 1988 ‘plebs
962 1898 1131 1988 fraterque*
1151 1905 1292 1978 tradunt.
1320 1903 1389 1986 qui-

255 2024 317 2090 bus
344 2026 510 2107 persuasi,
539 2025 590 2090 his
616 2024 763 2090 uersibus
784 2025 824 2091 de
842 2025 961 2108 populo
984 2026 1129 2091 Romano
1152 2023 1219 2106 agi,
1248 2025 1278 2090 ei
1301 2024 1389 2089 haud

256 2149 390 2226 grauate
406 2145 518 2211 Dousa
541 2148 672 2211 auctore
696 2144 889 2210 rescribeut:
913 2139 1019 2227 ‘plebs
1043 2134 1240 2227 patresquc².
1261 2135 1390 2209 ‘somno

255 2263 434 2329 moriuntur
460 2256 569 2330 obeso'
598 2263 807 2345 interpretor:
837 2263 954 2330 inertia
979 2268 1075 2345 atque
1095 2261 1227 2345 ignauia
1251 2279 1389 2327 marces-

257 2386 339 2447 cunt.
370 2382 417 2448 ita
432 2381 576 2448 Uelleius
593 2383 782 2449 Paterculus
799 2382 842 2462 [II
865 2384 899 2464 1,
924 2385 970 2464 11:
994 2377 1041 2449 ‘in
1061 2400 1206 2448 somnum
1230 2398 1250 2446 a
1269 2379 1389 2463 uigiliis

256 2518 412 2568 conuersa
432 2494 568 2568 ciuitas'.
591 2494 737 2568 ‘obesus'
760 2505 867 2568 autem
889 2519 961 2567 cum
981 2500 1024 2566 sit
1035 2492 1211 2584 ‘pinguis’,
1242 2499 1389 2581 equidem

258 2639 404 2686 somnum
433 2620 565 2686 obesum
588 2622 699 2687 eodem
725 2621 822 2703 plane
847 2621 942 2686 modo
970 2619 1090 2686 dictum
1119 2624 1197 2702 puto
1222 2636 1284 2701 quo
1309 2617 1389 2684 dixit

259 2739 396 2806 Ouidius
426 2741 544 2819 [Amor.
568 2740 584 2805 I
611 2741 668 2822 13,
698 2741 745 2820 l]:
780 2734 879 2806 ‘nunc
911 2739 1008 2805 etiam
1035 2737 1138 2806 somni
1160 2729 1321 2820 pinguea'.
1346 2773 1389 2784 -

259 2857 301 2924 58
319 2839 386 2941 sqo.
418 2859 478 2923 loe
500 2858 629 2944 fabella
654 2859 749 2923 modo
769 2878 909 2941 passsam
932 2857 1027 2943 facit
1065 2858 1208 2941 optima,
1238 2857 1389 2940 posthac,

261 2977 380 3056 Musa,
408 2977 504 3041 uelim
522 2997 674 3056 monens,
703 2979 771 3043 sine
791 2998 855 3061 qna
880 2977 954 3041 naida·
974 2978 1068 3042 nullu
1091 2977 1388 3060 rcolrcptasnlaere,

259 3099 308 3160 oti
329 3095 489 3182 qnondam
512 3097 533 3180 †
559 3094 702 3181 Smyrna
729 3097 873 3180 libusque
899 3095 1029 3180 peribat
1036 3144 1061 3186 ,h
1086 3115 1171 3160 ranno
1195 3094 1305 3160 itidem
1333 3097 1389 3158 ml-

256 3235 363 3301 prare
387 3216 475 3280 aedit.
515 3215 595 3281 illud
616 3211 765 3298 ‘pausam
792 3208 880 3281 lacit'
909 3214 1034 3297 poetria
1059 3213 1188 3297 scripsit
1211 3213 1390 3297 priscorum

260 3338 428 3417 poetarum
444 3333 638 3416 imitatione,
660 3339 697 3400 ut
713 3335 808 3401 Ennii
824 3335 885 3414 [ed.
900 3333 1041 3416 Uahlen,
1063 3335 1144 3399 Anu.
1162 3333 1251 3416 572}
1273 3332 1388 3399 Lucilii

261 3453 344 3536 [111
366 3453 415 3518 ed.
429 3454 464 3519 L.
479 3447 639 3536 Mueller],
661 3453 805 3521 aliorum.
839 3452 938 3520 uerba
959 3447 1388 3536 connptissima‘qnondam

260 3572 396 3656 Smyrna
415 3572 563 3656 libusque
586 3566 723 3656 peribat‘
748 3573 869 3639 multae
886 3571 1042 3639 editiones
1062 3591 1101 3638 ex
1118 3572 1245 3638 Pithoei
1264 3573 1389 3638 coniec-

260 3696 334 3758 tura
349 3691 396 3758 ita
416 3692 566 3759 exhibent
582 3687 758 3776 ‘quondam
772 3693 883 3776 Lydus
905 3692 980 3757 dum
997 3691 1131 3775 Smyrna
1146 3683 1295 3774 peribat'.
1325 3691 1388 3773 Ly·

262 3812 337 3896 dum
361 3814 467 3879 autem
484 3810 641 3878 hominem
663 3811 734 3893 alii,
764 3816 799 3877 ut
817 3811 1037 3893 Burmannus,
1066 3811 1306 3893 explicaueruut
1321 3809 1389 3878 Ho-

260 3949 398 4012 merum,
427 3931 481 4014 qni
497 3935 628 4012 propter
645 3929 846 4014 tyrannidem
870 3931 923 3996 uel
945 3929 1123 3996 inexilium
1145 3928 1265 3996 eiectus
1281 3929 1389 4012 patria

261 4050 395 4116 cesserit
412 4051 465 4130 (de
481 4066 545 4130 qua
559 4054 666 4115 tamen
684 4067 719 4114 re
736 4047 833 4114 silent
850 4051 1009 4133 ueteres),
1032 4049 1100 4130 alii,
1121 4053 1158 4116 ut
1178 4048 1388 4132 Cannegiete-

259 4187 332 4251 rus,
354 4167 589 4250 Hipponactem
601 4187 752 4236 uersuum
768 4163 954 4248 σκαζόντων
970 4171 1132 4236 auctorem
1148 4168 1387 4249 intellexeruut,
