3068 4868
679 343 722 410 23
796 393 797 396 ,

135 497 231 582 pulus
247 498 410 562 Romanus
432 496 532 562 totius
554 482 711 564 terrarum
731 496 819 564 orbis
842 497 1030 564 uictoriam
1052 517 1223 566 senescens
1246 519 1266 566 a

135 616 211 683 belli
232 615 426 697 muneribus,
449 607 549 682 saluis
572 621 679 682 tamen
702 615 823 684 bellicis
846 617 1030 700 uirtutibus,
1053 618 1094 684 ad
1109 619 1199 700 pacis
1215 637 1266 684 or-

134 740 287 802 namenta
309 735 483 801 excolenda
504 753 540 802 se
562 735 703 802 contulit.
738 736 836 802 uerba
865 741 974 802 tamen
997 737 1158 820 Sulpiciae
1189 739 1267 804 uitio
1352 821 1360 828 .

134 854 282 922 laborare
297 853 512 920 certissimum
525 859 584 922 est.
607 873 681 920 nam
704 855 781 936 quid
804 855 875 920 uult
896 854 978 921 illud
993 851 1140 922 ‘immota
1161 878 1266 923 secum

134 966 287 1040 uirtute'?
302 973 400 1038 miror
410 972 464 1039 uel
473 973 738 1056 Oannegieterum
749 973 894 1056 potuisse
906 975 1047 1042 scribere
1059 953 1101 1058 [p.
1111 977 1174 1042 367
1187 976 1208 1042 l.
1218 977 1266 1058 l.]:

134 1089 257 1160 ‘secum
287 1095 394 1158 autem
421 1091 543 1160 fatiscit
572 1094 710 1174 quinon
733 1093 767 1158 ui
788 1093 828 1160 ab
852 1092 924 1159 aliis
946 1092 1038 1160 illata
1058 1093 1266 1178 imminuitur,

135 1214 194 1280 sed
216 1212 283 1279 suis
306 1211 393 1278 uitiis
416 1203 634 1278 consumitur'.
665 1212 698 1277 in
721 1212 855 1278 eandem
879 1211 1075 1279 sententiam
1102 1213 1265 1296 procliuus

133 1331 308 1398 Hoeucnus
330 1331 465 1398 contulit
479 1331 655 1414 Uergilium
679 1333 805 1414 [Georg.
824 1333 841 1398 l
861 1332 936 1413 489]
961 1326 1047 1399 ‘sola
1070 1333 1208 1417 (cornix)
1231 1335 1264 1400 in

136 1451 221 1518 sicca
243 1469 349 1518 seeum
372 1452 533 1532 spatiatur
554 1444 687 1517 harena’
712 1456 744 1518 et
768 1451 818 1532 [ib.
835 1451 882 1518 IV
895 1450 971 1533 465]
993 1445 1050 1538 ίιθ,
1073 1453 1174 1519 drdois
1191 1471 1265 1518 oon-

133 1571 224 1652 iunr,
255 1576 287 1636 te
310 1571 380 1636 solo
401 1569 435 1636 in
456 1570 549 1637 litore
573 1589 682 1644 secum
705 1621 712 1634 .
733 1619 742 1634 .
765 1563 927 1652 canebat',
960 1588 1093 1653 quorum
1122 1572 1264 1638 locorum

133 1690 230 1772 plane
245 1689 309 1755 alia
324 1694 375 1757 est
389 1689 481 1755 ratio.
503 1709 577 1755 nam
593 1707 691 1772 equos
707 1688 759 1754 uel
775 1689 920 1756 homines
939 1696 1145 1758 senescentes
1163 1691 1263 1758 solius

134 1807 275 1892 corporis
292 1809 342 1876 sui
356 1809 436 1875 uitio
451 1808 625 1891 tabescere,
643 1813 710 1874 tam
727 1812 777 1874 est
792 1808 969 1875 secundum
984 1829 1090 1876 rerum
1105 1813 1263 1893 naturam,

133 1934 169 1995 ut
199 1928 343 1994 additum
374 1947 477 2010 paene
508 1928 609 1996 risum
639 1932 776 1994 moueat.
811 1927 921 2010 itaque
950 1929 1104 1996 Heinsius
1132 1923 1263 2012 ‘senio'‚

132 2048 331 2115 Frankenius
353 2040 491 2132 ‘segnis’
517 2049 731 2129 coniecerunt,
759 2048 845 2128 quod
866 2051 1035 2131 utrumque
1057 2028 1263 2130 languidissi-

131 2187 219 2234 mum
233 2172 294 2250 est.
315 2174 436 2234 rectam
453 2173 559 2234 autem
576 2167 807 2238 emendationis
825 2167 909 2233 uiam
932 2171 1108 2250 potuerunt
1130 2168 1262 2234 demon-

132 2291 236 2354 strare
250 2305 365 2355 uersus
380 2287 526 2376 Enniani.
551 2287 713 2354 notionem
736 2285 818 2352 enim
841 2305 944 2369 paena
966 2287 1183 2354 necessariam
1205 2288 1261 2354 de·

131 2407 328 2490 sideramus,
348 2412 429 2490 puta
451 2408 537 2490 equi,
560 2425 630 2474 cum
652 2406 707 2472 ille
727 2401 846 2472 ‘uictor
868 2401 974 2474 stadio
997 2399 1139 2474 Achaeo'
1164 2406 1261 2474 etiam

131 2511 242 2594 cursor
264 2545 337 2594 esse
357 2527 469 2610 possit,
491 2528 586 2594 homo
609 2532 717 2592 autem
740 2525 919 2608 subinepte,
943 2530 1088 2610 utputo,
1111 2545 1182 2592 cum
1203 2524 1261 2592 ho-

131 2647 268 2712 minibus
290 2650 501 2729 comparetur.
529 2646 646 2712 deinde
666 2645 747 2711 illud
762 2639 809 2709 ‘et
824 2638 967 2712 immota'
987 2665 1051 2712 non
1072 2646 1182 2728 probo.
1209 2665 1260 2712 rc·

131 2766 221 2848 quiro
241 2766 324 2833 onim
338 2765 529 2849 particulam
545 2764 793 2832 aduersatiuam.
823 2763 898 2831 hinc
913 2765 1096 2833 emendaui:
1113 2760 1260 2849 ‘languet

130 2907 217 2966 ecrrs,
237 2894 285 2950 set
300 2888 383 2950 enim
399 2885 532 2951 immota
545 2885 664 2950 uirtute
678 2876 824 2950 fatiscit'.
847 2903 950 2968 neque
964 2885 1062 2952 altius
1077 2883 1260 2968 inspicienti

129 3005 210 3071 haec
239 3009 351 3072 nostra
376 3004 513 3071 mutatio
542 3004 637 3071 nimis
660 3003 804 3070 uiolenta
825 3003 1004 3087 uidebitur;
1036 3005 1074 3072 cf.
1096 3004 1258 3088 Uergilius

121 3127 220 3206 .[Aen.
235 3125 264 3191 V
280 3125 371 3206 394]:
394 3119 473 3191 ‘non
488 3124 593 3192 laudis
611 3142 701 3190 amor
716 3141 774 3190 noc
796 3123 900 3206 gloria
920 3123 1019 3192 cessit
1038 3125 1135 3208 pulsa
1155 3131 1257 3206 metu;

128 3244 188 3309 sed
209 3247 290 3308 enim
319 3244 445 3327 gelidus
473 3241 624 3312 tardante
652 3247 783 3310 senecta
812 3244 944 3327 sanguis
966 3235 1085 3311 hebet'.
1116 3249 1259 3310 ceterum

129 3381 201 3430 cum
215 3383 273 3448 pro
289 3357 436 3432 ‘fatiscit'
457 3365 483 3431 P
497 3366 527 3431 V
548 3364 688 3431 habeant
702 3355 872 3445 ‘facessit',
893 3363 1024 3430 fuerunt
1039 3362 1093 3446 qui
1108 3363 1168 3431 hoc
1183 3382 1257 3447 per·

127 3483 266 3550 tinaoius
284 3457 500 3566 detenderent,
521 3483 606 3550 idem
628 3487 728 3565 atque
748 3478 911 3565 ‘discedit
932 3475 1012 3550 abit'
1036 3483 1146 3550 ualere
1166 3483 1257 3549 dioti-

127 3608 246 3670 tantes
273 3623 354 3686 quos
370 3605 548 3670 accuratior
563 3603 743 3670 sententiae
758 3603 984 3686 contemplatio
999 3621 1137 3670 errorem
1151 3602 1258 3686 potuit

128 3723 251 3790 dooere.
281 3725 380 3790 multo
401 3742 479 3790 uero
500 3723 605 3789 minus
628 3723 808 3789 audiendus
831 3726 881 3788 est
902 3722 957 3805 qui
978 3741 1081 3805 nuper
1101 3721 1136 3788 in
1158 3739 1257 3789 anna-

127 3842 211 3910 libus
232 3842 324 3909 Italis
348 3843 485 3926 [Riuista
500 3842 534 3909 di
547 3842 725 3926 philologia
745 3843 771 3925 1,
793 3841 908 3908 Torino
926 3843 1020 3924 1872]
1038 3836 1177 3908 ‘senium
1193 3841 1257 3908 uir-

127 3966 198 4029 tute
226 3955 371 4030 facessit'
404 3967 458 4044 [=
478 3962 617 4046 repellit]
646 3961 829 4047 proposuit:
859 3981 934 4028 nam
962 3961 1141 4044 repellendi
1168 3961 1255 4029 notio

18 4157 19 4162 ,
126 4081 224 4164 plane
246 4082 340 4149 abest
362 4082 579 4150 alacessendi
596 4081 702 4149 verbo.
724 4119 767 4129 -
789 4083 830 4148 27
846 4100 893 4165 sq.
915 4084 962 4148 sio
978 4082 1087 4147 itidem
1104 4080 1256 4145 Romana

18 4215 19 4220 ’
127 4221 253 4282 malros,
276 4203 474 4268 contendere
485 4209 659 4286 postquam
675 4201 797 4266 destitit
812 4209 843 4266 et
854 4221 973 4284 pacem
988 4202 1094 4285 [eopia
1105 4198 1256 4284 frenauit
