3068 4868
692 353 733 420 15

149 513 203 595 qui
214 513 279 579 iam
289 508 421 577 fraudes
432 508 677 574 homuncionum
688 506 846 588 nouimus,
864 506 1035 572 reddemus
1052 505 1140 572 ocius
1156 506 1279 572 auctori

149 626 223 698 ‘nec
243 632 387 696 trimetro
413 628 516 694 Porio
538 645 613 707 nec,
642 626 696 709 qui
721 625 804 708 pede
832 624 970 707 iruetuS,
998 625 1123 704 icardo,
1153 624 1279 691 fortiter

148 750 244 816 irasci
272 747 384 815 didicit
410 749 490 813 duce
513 736 740 813 clazomenio'.
771 749 803 810 et
824 744 953 810 uidetur
978 743 1056 810 mihi
1082 746 1209 827 poetria
1230 763 1278 827 eo,

150 870 235 952 quod
257 868 401 932 ultimam
417 857 551 930 ‘iambo’
573 863 720 930 uoculam
744 863 842 929 abeo
861 864 948 944 quod
966 867 1018 930 est
1033 856 1117 930 ‘nec'
1141 863 1278 945 diremit,

148 988 251 1070 ipsius
276 1004 391 1054 uersus
419 981 626 1067 hipponactei
654 981 766 1047 ultimo
795 981 877 1064 pede
899 981 1109 1050 claudicantis
1130 987 1278 1050 naturam

147 1107 324 1190 depingere
346 1104 495 1171 uoluisse.
525 1108 665 1169 ceterum
688 1100 850 1168 simillima
871 1101 1041 1167 uerborum
1070 1101 1281 1186 diremptione

150 1226 248 1292 Silius
279 1225 411 1290 Italicus
443 1221 499 1303 [IX
520 1223 613 1303 4621:
640 1216 837 1304 ‘sed,›quos
859 1220 1010 1304 pulsabat
1030 1221 1208 1302 Rhipaeum
1237 1224 1279 1288 ad

150 1347 329 1428 Strymona,
349 1341 450 1423 nerui,
480 1339 609 1408 auditus
632 1340 766 1423 superio,
790 1340 922 1407 auditus
946 1339 1093 1406 manibus
1117 1341 1278 1424 Orpheus,

151 1463 282 1530 emerito
303 1459 428 1544 fulgent
444 1460 532 1526 clara
545 1460 629 1525 inter
645 1460 753 1526 sidera
775 1453 890 1526 caelo'.
912 1460 1049 1542 denique
1070 1461 1280 1542 reprehendit

148 1582 282 1649 Bootios
304 1581 388 1664 quod
411 1580 509 1646 nimia
528 1579 658 1645 licentia
678 1572 907 1646 ‘Clazomenio'
929 1579 1106 1662 penultima
1119 1580 1278 1661 producta

149 1701 307 1782 scribitur,
338 1719 408 1767 cum
430 1699 549 1783 gentile
573 1715 722 1780 graecum
746 1699 790 1764 sit
804 1696 1041 1783 Κλαζομένιος,
1070 1717 1134 1764 non
1149 1697 1280 1780 Κλαζο-

148 1817 283 1906 μενείος.
321 1820 378 1885 sed
404 1819 482 1900 quid
511 1817 585 1884 non'
597 1822 722 1900 poetas,
754 1818 945 1901 praesertim
970 1817 1162 1900 mediocres,
1192 1819 1279 1902 cogit

149 1941 221 2007 dira
242 1939 335 2005 metri
364 1937 555 2004 necessitas!
587 1973 630 1984 —-
663 1938 756 2006 7-9
779 1945 915 2003 coetero
936 1939 1013 2021 quio
1034 1939 1150 2018 etiam,
1180 1959 1279 2023 quoo-

149 2059 225 2124 dum
253 2079 336 2143 quae
364 2058 453 2121 mitio
484 2058 546 2122 traci
572 2059 746 2142 primoque
771 2057 941 2122 Romanos
962 2056 1059 2122 docili
1081 2059 1280 2124 contendere

157 2178 260 2242 Grues
281 2185 313 2240 et
333 2176 455 2241 solibus
476 2179 614 2240 corioro
635 2176 741 2254 hortm,
770 2184 959 2242 constanter·
979 2178 1100 2252 omitto.
1145 2178 1199 2260 qui
1220 2177 1281 2246 hos

150 2314 264 2362 uersus
284 2296 389 2362 adhuc
405 2300 593 2377 tractarunt,
615 2314 730 2378 parum
752 2296 851 2361 totius
873 2295 967 2360 huius
985 2295 1193 2379 praelationis
1209 2317 1280 2364 sen-

153 2416 286 2482 tentiam
307 2415 492 2497 percepisse
513 2415 589 2480 mihi
611 2399 772 2481 addentur.
805 2433 879 2481 nam
908 2432 979 2481 cum
1006 2415 1160 2482 incertum
1183 2418 1280 2485 sitin

153 2536 287 2618 uulgata
308 2534 453 2615 lectione,
474 2535 517 2600 ad
538 2535 700 2617 quodnam
721 2551 859 2616 poeseos
882 2552 983 2616 genus
1005 2538 1114 2601 cetera
1134 2536 1191 2603 illa
1212 2555 1280 2604 car·

153 2656 239 2725 mina
252 2653 365 2720 reterri
382 2653 528 2735 debeant,
549 2653 751 2719 Burmannus
773 2671 832 2735 pro
847 2645 961 2718 ‘milia‘
982 2653 1184 2732 scribendum
1206 2675 1280 2723 cou-

155 2771 230 2839 iecit
244 2764 389 2854 ‘mollia',
409 2771 443 2838 id
460 2776 519 2853 cst,
542 2772 661 2854 elegos.
689 2771 782 2854 quasi
804 2790 880 2838 uero
903 2771 1045 2855 Sulpicia
1065 2775 1170 2856 prima
1190 2777 1280 2858 puel-

155 2893 257 2960 larum
271 2893 486 2959 Romanarum
502 2893 643 2958 carmina
658 2891 813 2958 amatoria
828 2891 1079 2976 composuisset!
1103 2899 1189 2962 certe
1203 2896 1281 2962 Pro-

155 3011 279 3094 pentius
301 3012 342 3078 de
365 3009 503 3094 Cynthia
524 3029 585 3078 sua
605 3011 773 3094 praedicat
794 3010 839 3095 [II
860 3013 890 3093 2,
914 3012 981 3098 19]:

262 3139 293 3195 et
315 3139 473 3216 qnantum,
495 3134 600 3196 Aeolio
624 3153 690 3194 cum
712 3138 839 3212 temptat
860 3135 993 3196 carmina
1013 3126 1136 3214 plectro,

328 3272 385 3332 par
405 3253 599 3331 Aganippeae
619 3254 722 3314 ludens
745 3254 831 3314 docta
850 3253 943 3333 lyrae,

265 3377 295 3433 ot
316 3391 369 3432 sua
391 3392 457 3434 oum
478 3373 619 3454 antiquae
642 3373 801 3434 committit
822 3373 933 3452 scripta
954 3371 1102 3435 corinnae

331 3493 521 3572 carminaque
542 3493 671 3582 Erinnes
693 3513 754 3554 non
774 3499 862 3571 putat
882 3512 978 3573 aequa
999 3495 1068 3556 suis.

156 3608 190 3671 et
203 3605 353 3673 Perillam
368 3609 448 3674 talia
463 3608 666 3691 potissimum
682 3610 823 3676 carmina
839 3611 1000 3692 pauxisse,
1021 3611 1159 3678 innuunt
1173 3611 1281 3678 Ouidii

155 3725 258 3806 patris
280 3725 390 3809 [Trist.
411 3727 460 3792 III
482 3728 511 3810 8,
534 3728 574 3794 19
590 3729 650 3813 sq]
672 3728 787 3794 uerbar

263 3867 349 3929 ergo,
371 3851 396 3910 si
418 3856 574 3911 remanent
593 3851 678 3926 ignes
699 3851 755 3910 tibi
777 3851 907 3928 pectoris
927 3851 1015 3926 idem,

332 3968 395 4030 sola
414 3975 500 4030 tuum
520 3976 604 4030 uates
625 3970 736 4030 Lesbia
756 3972 858 4031 uincet
879 3991 962 4049 opus.

155 4086 191 4148 et
209 4081 280 4165 ipso
296 4083 456 4167 Sulpiciae
476 4092 620 4168 tempore
635 4086 810 4154 Pantaenis
833 4093 867 4153 et
881 4087 1057 4169 Theophila
1077 4086 1110 4153 in
1133 4089 1193 4154 hoc
1214 4107 1281 4156 ma-

155 4201 239 4268 xime
260 4221 378 4284 genere
399 4205 505 4272 clarae
520 4204 621 4272 luisse
636 4204 789 4272 uidentur
811 4205 860 4286 [ot.
876 4206 1015 4272 Martini
1030 4207 1092 4273 VH
1109 4207 1171 4287 69].
1199 4207 1280 4274 Bur·
