3068 4868
832 378 876 444 20

289 536 375 620 quod
397 532 610 618 supplendum
633 535 684 596 est
699 523 830 596 ‘terris’.
853 547 951 596 causa
965 533 1073 596 autem
1090 529 1289 613 corruptelae
1304 509 1416 596 ultima

288 654 421 721 uoculae
442 649 664 734 praecedentis
685 649 795 714 littera
810 641 879 715 ‘m’.
902 686 943 696 —
975 647 1100 716 15-17
1122 649 1414 735 111191ιεὶ1111-

288 776 370 837 01111
387 779 417 837 01
434 770 655 834 itinerationis
673 788 790 853 epeaos
807 785 873 832 aon
889 769 989 832 aliter·
1006 771 1114 852 primo
1137 790 1232 853 quam
1255 791 1325 834 cum
1344 791 1415 835 arrr-

286 891 430 955 reximus
458 907 542 950 oruo
564 887 739 972 pleiadibus
769 895 800 951 et
822 907 933 972 proce
956 907 1072 952 rursus
1096 887 1315 972 procumbere
1340 891 1414 974 lym-

283 1008 394 1093 piae?
429 997 574 1073 ‘tacitos'
597 1010 648 1074 est
663 999 808 1089 ‘mutos’,
830 1011 866 1072 ut
881 1024 979 1092 pecus
995 1007 1132 1074 brutum.
1155 1003 1414 1092 111111οΡ131-

285 1117 366 1209 nos',
394 1126 424 1192 V
444 1117 607 1208 ‘egentes'
631 1126 795 1208 praebent.
826 1126 888 1192 hoc
910 1127 1020 1209 utique
1041 1105 1152 1193 uerum
1177 1146 1266 1209 esse,
1297 1129 1414 1194 asserit

285 1244 421 1312 Ouidius
448 1249 534 1325 [met.
548 1244 608 1312 XV
626 1245 698 1325 150]
714 1239 940 1326 ‘palantesque
957 1246 1080 1314 animos
1096 1246 1217 1330 passim
1233 1252 1266 1314 et
1279 1247 1411 1314 rationis

285 1356 441 1448 egentes’.
469 1365 683 1429 1111161117
706 1363 849 1446 plerique
870 1362 1098 1431 intellexerunt
1119 1383 1253 1434 excusos
1277 1387 1349 1434 esse
1371 1367 1412 1433 ad

284 1483 523 1550 similitudinem
545 1480 672 1549 Horatii
695 1482 855 1563 [sat.13,
877 1481 947 1561 991:

326 1625 393 1665 cum
415 1607 629 1683 prorepserunt
647 1604 753 1679 primic
775 1601 915 1661 animalia
938 1605 1037 1678 terris,

324 1729 438 1782 mutum
460 1729 498 1783 et
512 1728 599 1799 turpe
621 1740 720 1798 pecua,
740 1722 874 1798 glandem
896 1720 986 1802 atque
1010 1720 1120 1784 cubilia
1141 1727 1265 1800 propter
1286 1744 1347 1804 eqs.

281 1829 532 1922 ‘procumbere'3
564 1836 709 1904 similiter
735 1841 848 1903 auctor
868 1838 993 1904 Aetnae
1017 1838 1107 1929 [225]
1131 1833 1204 1904 ‘nec
1232 1837 1349 1906 effusos
1376 1841 1409 1907 in

166 1926 174 1943 ⁸
280 1959 410 2024 humum
434 1976 533 2040 graue
554 1974 687 2039 pascere
710 1947 849 2039 corpus'.
872 1957 913 2022 de
932 1956 1103 2040 glandibus
1126 1956 1164 2024 ci.
1180 1958 1344 2026 Gesnerus
1367 1962 1408 2026 ad

280 2075 448 2144 Claudiani
468 2077 606 2143 XXXVI
627 2077 678 2142 43.
699 2113 743 2123 -
773 2077 812 2141 19
835 2077 894 2141 sed
904 2097 1007 2160 perrois
1022 2077 1199 2142 Ariconium
1216 2077 1408 2163 Romulique

280 2195 432 2260 extrariae
449 2197 604 2259 airrmaos.
631 2193 682 2260 hic
699 2213 824 2277 quoque
846 2197 961 2261 menda
982 2195 1093 2263 latent.
1116 2214 1187 2262 cum
1208 2201 1316 2263 autern
1331 2192 1407 2264 ‘Ro-

278 2307 396 2380 mulus‘
420 2332 582 2395 nunquam
603 2313 786 2380 inueniatur
808 2318 954 2396 correpta
975 2314 1079 2397 prima
1101 2315 1241 2398 syllaba,
1265 2317 1407 2400 Scaliger

278 2439 311 2500 et
340 2433 453 2499 Douza
474 2425 628 2499 ‘Remuli'
652 2433 871 2514 coniecerunt,
902 2434 988 2514 quod
1016 2438 1104 2500 recte
1132 2435 1266 2502 Boetius
1296 2440 1337 2518 lp.
1354 2437 1406 2517 10]

277 2552 439 2620 refutauit.
462 2552 517 2634 qui
538 2553 624 2635 quod
645 2551 815 2636 proposuit
828 2545 1051 2636 ‘Romaeque',
1072 2555 1178 2636 potuit
1199 2555 1406 2622 corroborare

279 2671 448 2740 uersiculis
470 2671 623 2754 Mariani,
653 2670 914 2756 Lupercaliorum
935 2676 1052 2754 poetae
1080 2673 1185 2754 [Rutil.
1208 2674 1334 2741 Namat.
1357 2676 1405 2741 ed.

280 2794 317 2861 L.
332 2790 506 2858 Muellerus
527 2810 558 2873 p.
573 2791 635 2872 53].
663 2791 754 2858 nobis
776 2797 864 2858 recte
880 2792 1049 2876 Scioppius
1071 2793 1178 2871 [ueris.
1200 2793 1233 2858 Π
1256 2795 1309 2872 16]
1333 2813 1406 2878 syn-

281 2929 393 2993 copam
409 2901 602 2993 ‘Romlique'
627 2911 780 2977 statiusse
802 2911 929 2977 uidetur
951 2911 1000 2992 [cf.
1022 2915 1059 2978 L.
1077 2911 1252 2980 Muellerus
1275 2914 1305 2978 d.
1324 2933 1348 2980 r.
1364 2933 1404 2980 11.

279 3050 311 3113 p.
326 3031 410 3110 366].
432 3046 535 3111 neque
555 3029 734 3096 sententiae
751 3049 855 3113 neque
876 3049 950 3097 vero
973 3031 1123 3115 opposito
1144 3032 1191 3099 illi
1205 3026 1403 3099 ‘conseruat’

280 3148 450 3216 conuenire
471 3153 550 3231 puto
571 3148 606 3214 id
627 3149 713 3231 quod
736 3154 787 3215 est
808 3142 994 3216 ‘exturbat'.
1026 3170 1100 3217 nam
1121 3151 1266 3234 Iuppiter
1286 3152 1319 3218 in
1341 3157 1405 3236 pri-

279 3269 435 3336 stinorum
457 3267 656 3335 saeculorum
679 3272 846 3334 ueternum
862 3269 1045 3336 reducendo
1059 3271 1220 3338 Romanos
1237 3291 1300 3338 non
1316 3274 1403 3356 agris

279 3386 472 3470 expellebat,
501 3388 560 3454 sed
587 3386 730 3454 funditus
751 3386 889 3455 delebat.
918 3388 1027 3473 itaque
1049 3390 1199 3456 emendo:
1221 3383 1404 3475 ‘Romlique

278 3508 426 3593 extirpet
447 3499 617 3574 alumnos'.
640 3545 681 3554 —
712 3508 754 3573 20
769 3526 816 3589 sq.
845 3507 909 3571 dcto
929 3515 1002 3573 111111
1022 3509 1133 3593 quibus
1154 3511 1270 3575 extistit
1291 3513 1404 3597 inperce

278 3625 385 3691 Roma
401 3634 510 3711 capet.
552 3626 600 3692 ita
620 3623 783 3709 Uergilius
805 3627 873 3708 [ecl
895 3627 1002 3710 1251:
1024 3623 1150 3696 ‘uerum
1171 3630 1251 3697 haec
1272 3631 1403 3714 (Roma)

278 3750 405 3813 tantum
419 3745 500 3814 alias
515 3744 600 3812 inter
615 3754 714 3830 copiti
731 3749 847 3811 extistit
861 3741 979 3816 urbes’.
1000 3787 1043 3796 —
1073 3747 1202 3815 22-24
1222 3749 1281 3814 sed
1298 3751 1403 3814 uirtus

278 3866 406 3951 upituta
422 3866 510 3931 domi
524 3873 555 3930 ei
570 3865 746 3930 socialibus
766 3867 868 3930 armis
884 3866 1024 3952 infretis
1040 3865 1198 3933 Sicaniae
1214 3876 1245 3932 et
1264 3867 1403 3934 Cartba-

274 3985 362 4070 qinis
384 3970 477 4049 exilit
500 4005 596 4050 arces
620 3992 793 4070 ceteraque
815 3987 955 4068 imperia
980 3994 1010 4050 et
1031 3994 1130 4052 totam
1146 3987 1247 4053 ’1111111
1269 3986 1403 4054 abstulit

277 4103 396 4170 orbem.
434 4098 540 4170 ‘arma
566 4096 709 4171 socialia'
738 4103 824 4170 bella
853 4109 909 4170 aut
936 4123 995 4187 pro
1024 4105 1120 4172 sociis
1149 4107 1267 4174 autin
1296 4108 1401 4174 socios

275 4222 356 4291 inita
369 4217 505 4308 intelligi
520 4229 665 4307 possunt.
687 4241 758 4290 curn
773 4241 850 4290 uero
863 4217 1001 4308 ‘agitata
1015 4217 1114 4291 (10111>
1132 4221 1402 4309 significet‘exer·
