3068 4868
783 335 824 402 10

238 485 258 552 l.
274 486 294 552 l
308 486 354 554 VI
375 487 437 569 p.I
458 506 489 569 p.
506 486 560 568 18]
589 505 628 554 ex
648 487 805 554 Ludouioi
827 485 963 554 Siortiae
984 485 1178 554 bibliotheca
1199 485 1261 554 sibi
1283 503 1367 552 com·

237 605 401 671 modatum
415 605 552 689 Ugoleto
567 607 720 674 utendum
734 607 900 690 praebere.
920 605 980 674 has
994 605 1256 674 ratiocinationes
1269 605 1367 672 meris
1398 703 1402 708 Ι

238 723 429 792 coniecturis
450 728 688 808 superstructas
711 744 785 792 esse
812 743 905 792 nemo
927 725 1042 792 melius
1067 725 1224 808 intellegit
1249 729 1367 791 memet

237 843 319 924 1980,
341 845 399 910 sed
421 845 561 926 easdem,
582 862 653 910 cum
675 844 740 910 alia
762 864 801 910 ex
822 844 886 912 alia
908 845 951 912 sit
972 845 1069 912 ducta
1090 845 1298 927 singulaeque
1319 845 1366 910 in-
1398 865 1401 872 ·
1531 813 1532 836 ³

237 961 341 1028 uicem
362 981 434 1030 sese
455 965 622 1045 tueantur,
650 963 877 1046 probabilitate
897 963 986 1030 haud
1008 981 1117 1031 carere
1137 963 1216 1029 mihi
1237 981 1366 1030 conces-

238 1099 332 1148 suros
363 1081 487 1150 mnfido
518 1083 639 1165 peritos
669 1082 783 1150 harum
814 1101 920 1150 rerum
949 1082 1081 1150 indicae.
1115 1083 1238 1165 primae
1266 1082 1366 1165 igitur

238 1200 333 1266 huius
355 1200 593 1269 dissertationis
623 1205 755 1268 nostrae
775 1203 878 1285 partis
906 1203 986 1269 haec
1014 1206 1065 1270 est
1087 1221 1224 1268 summa:
1254 1221 1366 1266 saorra-

238 1319 313 1386 dam
344 1322 526 1386 testimonio
547 1321 729 1406 Ropioeiis
757 1321 974 1386 Uolaterrani
1000 1334 1032 1387 et
1051 1319 1277 1386 Besalem-dini
1299 1321 1366 1386 edi-

239 1441 322 1508 iaris
350 1439 464 1506 Ueneti
485 1461 550 1504 aare
577 1448 687 1525 potest
707 1443 841 1526 negari,
870 1439 1041 1525 Sulpiciae
1061 1442 1199 1506 satiram
1221 1441 1366 1506 extitisse

237 1560 273 1623 ira
299 1558 412 1624 cadica
434 1558 606 1640 Bobiensi,
637 1561 699 1626 Irae
726 1560 837 1626 eodem
860 1561 974 1626 cadiae
998 1559 1173 1644 probabile
1201 1567 1248 1624 est
1276 1579 1365 1624 usam

237 1699 306 1742 esse
332 1676 518 1746 Phasiacam
549 1679 718 1765 Upoletam
746 1683 781 1746 ira
811 1681 953 1746 editione
975 1679 1156 1744 Parmensi.
1194 1681 1254 1746 scd
1276 1683 1366 1746 ante-

238 1816 333 1881 quam
355 1817 394 1864 ex
414 1798 466 1866 his
487 1799 626 1867 dumetis
655 1799 698 1868 ad
719 1799 917 1866 amoeniores
946 1798 1095 1883 regiones
1121 1798 1237 1882 pedem
1261 1797 1381 1891 proie-0

237 1937 317 2000 ram,
338 1918 419 1986 duas
434 1937 487 1986 res
501 1918 595 1986 uideo
609 1919 750 1986 breuiter
764 1919 842 1986 mihi
856 1919 1036 2002 tangendas
1053 1937 1134 1985 esse.
1155 1937 1230 1984 uam
1250 1917 1367 1984 dixerit

238 2037 411 2120 quispiam:
444 2038 473 2104 si
493 2038 620 2105 libellus
647 2044 759 2106 noster
785 2041 820 2105 in
848 2038 995 2106 chartula
1015 2037 1167 2104 Bobiensi
1191 2036 1366 2120 legebatur,

238 2176 294 2224 cur
307 2159 396 2224 illum
411 2176 476 2224 uon
489 2157 611 2225 indicat
624 2159 786 2240 librorum,
803 2159 861 2241 qui
875 2158 909 2225 in
924 2157 990 2224 diui
1005 2156 1192 2224 columbani
1212 2156 1365 2222 coenobio

238 2275 497 2359 asseruabantur,
516 2277 731 2344 inuentarium
752 2278 793 2344 ab
815 2280 884 2344 Am.
898 2278 1054 2360 Peyronio
1076 2275 1151 2356 [ilic.
1171 2273 1283 2358 fragm.
1305 2294 1364 2357 pro

236 2397 356 2463 Scauro
378 2416 431 2479 pp.
449 2397 578 2479 1-68]
599 2396 718 2481 publici
738 2397 817 2464 iuris
832 2397 974 2466 factum?
996 2396 1047 2463 cui
1064 2396 1135 2482 ipse
1156 2393 1367 2479 respondebit

235 2515 412 2599 Peyronius
435 2515 544 2600 [praef.
565 2536 596 2603 p.
611 2517 771 2598 XXXlillz
796 2512 989 2598 ‘uniuersos
1011 2519 1168 2599 quotquot
1188 2515 1222 2580 in
1240 2513 1366 2582 scriniis

236 2636 497 2719 assentiebantur,
519 2636 645 2704 codices
661 2638 742 2704 satis
757 2640 833 2720 apte
848 2641 881 2702 et
894 2635 1064 2719 perspicue
1078 2633 1244 2715 describit;
1264 2632 1367 2698 neuti-

237 2773 332 2838 quam
353 2775 431 2823 uero
453 2756 605 2824 librorum
632 2757 766 2824 lacinias
797 2775 879 2839 quac
908 2755 1020 2839 paucis
1049 2754 1134 2820 iuliis
1156 2745 1367 2820 constarent'.

237 2875 321 2958 quod
343 2874 426 2942 bene
441 2875 579 2972 quadrat
600 2876 633 2942 in
648 2875 798 2956 codicem,
821 2876 947 2957 qualem
967 2874 1045 2942 mihi
1059 2873 1256 2957 cogitatione
1269 2872 1366 2956 tingo,

236 2993 371 3062 Ausonii
391 2994 504 3062 ludum
526 2999 559 3062 et
574 2994 755 3077 catalogum
777 3011 815 3060 ac
835 2998 1005 3077 practerea
1020 2993 1192 3076 Sulpiciam
1208 2993 1366 3076 epigram·

235 3119 386 3198 mataque
408 3114 630 3182 continentem.
660 3114 746 3180 haud
775 3132 896 3197 paucos
924 3117 1201 3180 antemauctores
1226 3112 1364 3179 anla-

235 3238 365 3301 terrano
387 3233 568 3302 nominatos
596 3234 629 3300 iu
650 3233 829 3301 inuentario
857 3233 922 3299 isto
952 3232 1037 3300 circa
1057 3232 1275 3299 ecclesiastica
1297 3251 1363 3298 ma·

236 3353 321 3420 xime
334 3353 455 3437 scripta
468 3355 613 3422 uersanti
633 3353 755 3420 frustra
768 3353 880 3420 itidem
895 3369 1039 3434 quaeres.
1063 3355 1097 3418 at
1113 3351 1217 3434 inquit
1230 3351 1365 3417 Bootius

238 3478 280 3556 [p.
296 3474 364 3555 18]:
387 3467 506 3540 ‘noune
521 3473 604 3540 inter
619 3473 745 3540 codices
760 3473 963 3539 uenerandae
977 3470 1189 3553 antiquitatis,
1203 3471 1257 3552 qui
1273 3469 1366 3536 Bobii

237 3593 359 3660 seruati
381 3597 466 3675 sunt,
488 3592 585 3660 etiam
606 3594 798 3660 recentiores
820 3593 950 3659 chartas
971 3590 1073 3658 inisse
1090 3589 1264 3656 uerisimile
1284 3580 1367 3656 estl'

237 3731 318 3778 saue
339 3712 602 3780 uerisimillimum
625 3718 692 3794 est;
714 3713 773 3779 sed
795 3712 878 3778 enim
900 3715 1045 3778 nostrum
1063 3728 1179 3793 poema
1199 3709 1233 3775 in
1255 3708 1365 3775 codice

237 3852 301 3899 non
323 3832 444 3898 saeculi
465 3833 540 3913 XV,
571 3834 629 3900 sed
651 3834 783 3916 antiquo
804 3837 838 3898 et
859 3829 1096 3898 chmaoteribus
1117 3828 1364 3913 langobardicis,

237 3955 275 4018 ut
301 3951 446 4035 plerique
476 3951 531 4018 alii
551 3952 744 4035 Bobienses,
775 3955 907 4016 exarato
937 3949 1098 4032 extitisse,
1126 3949 1207 4016 artis
1235 3948 1366 4032 palaeo-

237 4072 408 4155 graphicae
429 4070 539 4155 gnaris
568 4076 620 4138 sat
646 4075 746 4155 patet.
777 4073 865 4137 certe
891 4069 1151 4153 langobardicam
1174 4069 1365 4152 scripturam

237 4192 384 4260 redolent
402 4191 566 4259 litterulae
588 4183 636 4256 ‘u’
660 4196 694 4257 et
708 4183 754 4258 ‘a'
778 4190 862 4258 inter
884 4207 919 4257 se
940 4192 1083 4257 mutatae
1106 4194 1148 4267 [u.
1162 4188 1205 4255 25
1225 4179 1362 4256 ‘studio'
