3068 4868
702 381 722 446 9

154 534 315 619 prodiisse
337 534 414 600 mihi
443 536 571 617 quidem
597 533 860 602 uerisimillimum
887 538 946 601 est
977 534 1054 617 quid
1083 533 1190 601 enimi
1219 529 1283 600 nisi

151 655 185 721 in
202 654 336 721 Ausonii
358 655 467 720 codice
487 655 663 736 inuenerat,
685 673 747 737 quo
769 655 899 720 tandem
919 655 988 720 iure
1009 654 1042 718 in
1058 653 1193 720 Ansonii
1215 654 1281 719 edi-

152 773 239 839 tione
262 773 434 855 Sulpiciam
459 774 678 840 excudendam
708 775 832 840 curauit
860 772 1041 856 Ugoletus?
1078 792 1153 839 nam
1180 772 1281 837 Bern-

153 891 322 956 hardinum
350 891 439 957 illum
462 893 620 959 Uenetum
648 892 871 975 bibliopolam,
899 892 953 974 qui
975 891 1117 958 immixto
1144 891 1281 959 nouellis
1406 962 1410 970 ,

152 1011 255 1094 poetis
272 1011 411 1077 carmine
427 1011 557 1094 antiqno
580 1016 678 1094 atque
692 1011 814 1078 inedito
831 1011 1032 1093 splendorem
1047 1011 1185 1094 aliquem
1199 1010 1281 1077 libro

89 1220 93 1229 1
153 1149 212 1196 suo
235 1131 361 1198 adicere
375 1129 486 1212 uoluit,
507 1130 601 1224 iacile
623 1131 861 1198 excusabimus:
882 1129 914 1195 in
929 1129 1110 1212 Ugoletum,
1122 1117 1282 1196 ¹strenuae

154 1252 187 1315 et
208 1254 376 1316 accuratae
398 1250 563 1316 doctrinae
584 1251 698 1333 uirum,
720 1270 783 1316 non
806 1249 892 1316 cadit
914 1249 989 1314 talis
1011 1249 1103 1315 ratio.
1126 1249 1184 1314 sed
1205 1247 1281 1314 uide

153 1368 230 1434 mihi
252 1387 355 1450 porro.
395 1353 505 1435 Chalci
522 1370 662 1436 codicem
684 1371 794 1436 ludum
816 1374 849 1435 et
862 1368 1044 1451 catalogum
1067 1367 1281 1433 continentem

154 1487 303 1584 adhibuit
314 1488 494 1570 Thadaeus,
514 1487 547 1579 in
570 1489 664 1554 huius
681 1475 821 1557 editione
842 1488 937 1555 ludus
961 1488 1125 1569 catalogus
1141 1482 1283 1569 Sulpicia

149 1607 388 1690 epigrammata
409 1626 482 1674 sese
505 1607 682 1710 excipiunt,
712 1609 745 1673 in
772 1608 853 1674 libro
875 1606 1027 1675 Bobiensi
1054 1605 1155 1674 fuisse
1178 1606 1282 1689 Sulpi-

154 1726 235 1792 ciam
265 1731 298 1793 at
327 1726 557 1810 epigrammata
577 1728 808 1794 Uolaterranus
838 1732 890 1792 est
918 1730 1044 1792 auctor:
1073 1745 1179 1792 nonne
1207 1726 1282 1792 hinc

145 1846 292 1934 ,manne
319 1844 357 1911 fit
384 1846 564 1929 probabile,
594 1847 704 1915 (lhaloi
727 1846 866 1914 codicem
895 1850 928 1912 et
955 1845 1075 1944 librum
1092 1845 1282 1912 Bobienssm

154 1984 252 2030 unum
273 1964 374 2032 fuisse
397 1967 618 2049 eundemque?
648 1985 718 2034 cnm
740 1970 846 2033 autem
876 1964 968 2031 nobis
989 1965 1129 2048 posteris
1157 1983 1283 2046 semper

133 2153 136 2158 ,
157 2083 401 2150 conflictandum
424 2085 466 2152 sit
488 2104 559 2152 cum
579 2086 721 2169 pessima
741 2085 798 2151 illa
819 2084 1013 2150 anteriorum
1034 2082 1193 2170 editorum
1208 2102 1283 2149 con-

157 2203 327 2298 suetudine
341 2204 421 2270 nihil
442 2205 521 2271 certi
543 2206 583 2272 de
599 2205 760 2272 codicibus
776 2204 929 2270 adhibitis
950 2203 1108 2284 tradendi,
1130 2187 1196 2270 noli
1211 2222 1283 2286 pre-

155 2343 241 2390 mere
264 2325 350 2406 quod
372 2327 434 2390 non
457 2325 564 2391 uerbis
587 2325 707 2408 apertis
735 2323 874 2390 affirmat
894 2323 1051 2406 Ugoletus
1081 2325 1121 2390 de
1143 2322 1285 2405 Sulpicia

156 2448 189 2508 et
213 2447 285 2509 octo
306 2443 398 2509 nouis
422 2443 662 2527 epigrammatis
683 2445 716 2510 in
740 2444 849 2511 Chalci
871 2443 979 2509 codice
1002 2442 1197 2509 extantibus:
1229 2443 1284 2508 ille

156 2563 355 2628 solummodo
378 2581 460 2645 quae
481 2564 616 2630 Ausonii
644 2583 741 2647 opera
760 2563 825 2630 iam
847 2567 925 2629 nota
953 2562 1067 2645 quihus
1089 2562 1181 2629 nouis
1209 2562 1284 2630 sub-

156 2681 247 2746 sidiis
268 2681 394 2748 innixus
417 2683 637 2751 emendatiora
659 2682 799 2764 dederit,
824 2682 858 2747 in
879 2680 1078 2764 praefatione
1107 2699 1167 2748 sua
1189 2682 1284 2748 docet

155 2800 300 2866 lectores.
343 2801 443 2867 multo
472 2821 549 2868 uero
579 2803 683 2868 minus
712 2803 911 2885 urguendum
940 2806 1006 2884 est,
1038 2799 1284 2867 Uolaterranum

155 2937 227 2984 cnm
251 2920 422 3003 Sulpiciam
446 2925 478 2987 et
500 2922 731 3005 epigrammata
753 2927 976 2988 commemoret
996 2921 1092 3010 plane
1113 2924 1221 2987 tacere
1243 2922 1285 2986 de

155 3039 313 3105 Ausonio:
336 3057 410 3106 nam
424 3041 479 3118 ille
494 3042 667 3124 scriptores
682 3059 783 3107 nouos
800 3046 833 3106 et
847 3021 984 3107 antehac
997 3041 1177 3124 incognitos
1191 3039 1286 3105 Bobii

156 3164 300 3242 repertos
318 3163 491 3226 enumerat.
521 3179 620 3243 supra
635 3165 743 3226 autern
761 3164 802 3242 [p.
818 3162 849 3241 ll
873 3160 1008 3242 ostendi,
1029 3161 1202 3243 Georgium
1218 3161 1285 3224 Me-

154 3278 258 3344 rulam
279 3279 389 3361 plures
419 3281 544 3347 codices
566 3280 743 3346 Bobienses
766 3279 852 3344 domi
879 3298 956 3345 suae
983 3278 1172 3360 retinuisse,
1201 3277 1286 3347 inter

158 3416 238 3481 quos
269 3396 384 3464 librum
417 3398 506 3464 illurn
540 3399 712 3482 Sulpiciam
745 3399 1038 3483 epigrammataque
1070 3398 1285 3464 continentem

155 3516 256 3582 fuisse
279 3535 317 3584 co
338 3516 375 3583 fit
396 3519 570 3601 probabile,
593 3521 677 3602 quod
700 3518 774 3585 inde
788 3517 925 3584 Nursina
942 3518 1079 3584 sedecim
1102 3537 1141 3584 ex
1158 3497 1210 3583 his
1233 3517 1287 3583 de·

157 3636 295 3718 scripsit.
338 3638 481 3704 Merulae
502 3638 601 3704 libros
630 3639 682 3703 uel
706 3638 748 3703 ad
771 3637 839 3704 eius
863 3637 981 3703 amicos
1003 3636 1055 3702 uel
1076 3636 1108 3701 in
1130 3636 1286 3702 Ludouici

158 3755 295 3822 Slortiae
316 3755 538 3824 bibliothecam
553 3758 683 3823 uenisse
697 3757 807 3822 itidem
823 3774 922 3838 supra
942 3755 1044 3838 posui.
1066 3757 1172 3838 potuit
1189 3756 1287 3840 igitur

158 3876 326 3942 lhistanus
345 3875 497 3959 Chalcus,
519 3883 612 3959 quem
635 3875 826 3958 discipulum
849 3879 881 3941 et
902 3891 1121 3942 successorem
1142 3876 1286 3942 Merulae

158 3993 257 4061 fnisse
274 3995 374 4061 tradit
390 3996 503 4063 Sunius
526 3999 643 4080 [onom.
657 3996 755 4062 litter.
769 3997 812 4076 II,
832 3996 910 4078 499]
932 3995 1072 4062 codicem
1089 3995 1178 4060 illum
1193 3995 1285 4062 here-

158 4113 261 4180 ditate
282 4113 462 4198 accepisse,
483 4115 590 4198 potuit
614 4115 710 4182 etiam
731 4116 950 4182 intercedente
970 4119 1105 4198 parente
1127 4132 1185 4181 suo
1207 4115 1287 4179 Bar-

157 4233 317 4300 tholomeo
339 4233 471 4318 Chalco,
500 4235 672 4302 secretario
696 4234 816 4317 ducali,
840 4234 978 4317 [dequo
1002 4232 1039 4300 cf.
1062 4231 1286 4300 Tirsbosohius
