3068 4868
665 335 707 402 17

18 464 30 535 1
118 494 216 561 meria
245 491 306 559 sibi
332 489 496 565 consuetis
525 487 657 556 abiectis
686 488 748 554 hoc
778 487 878 555 utitur
906 506 1003 554 uersu
1023 487 1077 571 qui
1099 487 1248 574 proprius

20 612 32 655 5*
119 618 191 681 erat
213 614 301 679 deae.
331 616 443 677 notum
465 609 583 692 quippe
604 607 684 673 illud
708 608 815 688 [Anth.
831 607 887 674 lat.
902 609 938 674 R.
956 608 1028 690 664,
1045 609 1076 689 9]
1092 601 1250 674 ‘carmina

119 732 264 814 Calliope
285 730 375 797 libris
397 729 526 795 heroica
547 719 703 793 mandat'.
734 728 775 793 ad
792 727 892 794 uerba
906 721 1108 794 ‘constanter
1122 719 1247 792 omitto‘

18 834 19 842 ¹
118 853 199 920 haec
219 849 353 917 Bootius
377 849 500 932 [p.14]:
523 841 640 913 ‘const
656 865 725 928 om,
746 865 817 913 cum
839 846 918 912 nihil
941 846 1029 913 aliud
1051 863 1125 913 esse
1146 846 1251 930 possit

19 972 25 984 ¹
121 989 230 1053 quam:
252 970 284 1036 in
300 969 477 1037 omittendo
497 965 574 1032 mihi
593 969 714 1048 consto,
735 965 768 1030 in
785 971 976 1048 perpetuum
992 966 1113 1048 omitto,
1136 984 1250 1034 uereor

18 1099 36 1116 ’·
120 1094 158 1156 ut
174 1089 271 1156 menti
296 1089 429 1154 dicentis
454 1091 564 1169 aptum
588 1077 654 1151 sit².
691 1089 725 1150 at
739 1105 803 1152 non
826 1086 887 1152 hoc
907 1085 979 1150 uult
995 1084 1100 1150 dicere
1115 1085 1249 1167 poetria,

18 1192 35 1256 l'
121 1227 284 1291 nunquam
307 1225 342 1273 se
364 1207 499 1288 posthac
520 1192 631 1270 metris
653 1204 718 1270 illis
741 1223 880 1286 usuram,
902 1205 960 1270 sed
976 1222 1060 1270 nunc
1083 1203 1152 1270 sine
1174 1204 1251 1271 hae-

18 1314 26 1377 2'
123 1327 275 1398 sitatione
298 1344 337 1392 ea
357 1325 490 1391 abicere.
518 1325 566 1390 ita
586 1315 797 1391 ‘constanter'
820 1343 878 1406 pro
894 1314 1140 1390 ‘indubitanter'
1163 1322 1251 1406 posi·

29 1467 36 1477 ·
122 1451 190 1512 tum
205 1446 306 1512 habes
321 1445 407 1529 apud
423 1443 614 1528 Cyprianum
632 1443 735 1525 [epist.
750 1444 800 1526 66,
815 1444 835 1508 3
850 1442 923 1524 66].
945 1481 988 1492 -
1018 1443 1068 1525 10,
1084 1444 1122 1508 11
1146 1451 1251 1528 leprae,

123 1565 235 1650 661666
252 1566 413 1649 princeps
432 1563 704 1648 osucaadissimu
723 1563 843 1643 calles,
874 1562 1071 1647 6996661666
1097 1561 1252 1646 precibus

62 1754 65 1765 ‚
123 1685 281 1749 descende
300 1685 427 1748 clientis
443 1690 474 1754 at
491 1683 577 1746 6661.
602 1681 652 1748 his
670 1701 796 1764 quoquc
811 1681 918 1748 uerbis
934 1686 1100 1765 receptum
1116 1681 1151 1747 id
1166 1681 1251 1763 quod

18 1783 28 1852 '·
124 1823 152 1868 u.
168 1803 186 1870 l
207 1803 398 1869 coniecimus
409 1797 504 1868 ‘haec
519 1793 633 1866 metra³
650 1819 767 1866 nouam
783 1799 918 1866 affundit
932 1801 1044 1867 lucem.
1066 1819 1141 1866 nam
1157 1806 1253 1868 antea

18 1946 27 1955 ·
123 1924 165 1989 66
181 1913 324 2005 ‘quihus'
347 1938 468 2002 uocem,
490 1939 560 1986 cum
583 1939 646 1986 non
667 1919 812 1986 licuisset
834 1938 873 1986 ex
895 1923 958 1986 ul
984 1919 1179 2003 cogitatione
1196 1921 1253 1986 od·

18 2049 21 2091 1
124 2059 250 2108 sumere
271 2033 449 2121 ‘numeris',
480 2059 538 2122 per
566 2039 760 2105 latinitatem
788 2039 916 2121 quidem
946 2058 1010 2104 non
1041 2023 1147 2122 potuit
1177 2039 1252 2105 sub-

104 2159 267 2242 ·intcllegi
284 2159 347 2224 nisi
371 2151 512 2239 ‘rebus’3
542 2159 642 2241 quod,
664 2162 701 2223 ut
721 2157 838 2225 leniter
858 2156 1051 2241 iudicemus,
1080 2159 1174 2226 nimis
1197 2178 1252 2242 ge·

123 2279 275 2346 neraliter
303 2278 421 2346 dictum
451 2283 509 2344 est.
544 2296 628 2343 nunc
658 2296 735 2344 uero
766 2277 836 2344 sine
866 2279 932 2345 ullo
961 2277 1092 2361 negotio
1123 2279 1253 2361 supple-

68 2466 69 2470 ,
124 2397 209 2463 bitur
230 2388 377 2464 τ1661116.
409 2415 482 2463 nam
507 2391 637 2464 ‘callere
667 2397 775 2479 aliqua
802 2390 848 2463 re'
878 2399 960 2465 bene
981 2403 1131 2480 recteque
1152 2397 1252 2465 latine

66 2588 69 2599 ‚
123 2535 221 2600 posse
236 2517 308 2599 dici,
329 2516 437 2582 multis
461 2509 612 2599 exemplis
634 2517 855 2599 comprobauit
868 2518 1060 2585 Munckerus
1086 2518 1139 2596 [ad
1154 2518 1253 2601 myth.

63 2692 68 2711 ‚
124 2639 178 2703 lat.
200 2637 332 2719 p.191].
365 2633 417 2701 his
440 2636 594 2719 expositis
624 2654 694 2702 meo
717 2636 794 2702 mihi
815 2635 884 2702 iure
907 2635 1018 2702 uideor
1040 2637 1254 2718 supersedere

18 2764 22 2778 '
62 2756 66 2765 '
124 2756 301 2823 refutandis
323 2754 463 2820 uirorum
488 2755 652 2820 doctorum
675 2756 718 2820 ad
739 2775 769 2822 u.
786 2756 825 2822 10
848 2755 1048 2823 coniecturis.
1077 2756 1118 2821 de
1141 2755 1253 2838 adgre-

18 2883 24 2928 ·'
127 2875 234 2942 diendi
262 2873 361 2942 uerbo
390 2873 427 2939 cf.
456 2873 618 2957 Uergilius
647 2876 879 2956 [66611192]
903 2869 1037 2941 ‘talibus
1066 2874 1256 2957 adgreditur

20 3035 27 3064 ‚
125 2994 282 3061 Uenerem
298 2994 449 3060 Saturnia
464 2986 584 3060 dictis'.
611 2993 693 3061 illud
707 2985 896 3061 ‘descende'
913 2998 964 3060 est
978 2993 1105 3060 Horatii
1127 2995 1188 3074 [66.
1203 2994 1254 3059 III

20 3099 26 3121 ’
63 3190 66 3200 Α
125 3112 218 3194 4,1[.
244 3105 421 3196 ‘princeps'
453 3117 559 3180 autem
589 3114 680 3181 audit
709 3113 867 3197 Calliope,
896 3118 933 3180 ut
961 3113 1048 3195 apud
1074 3112 1253 3179 Hesiodum

18 3261 27 3272 ·
126 3231 258 3316 [Theog.
281 3233 334 3318 79]
358 3221 398 3320 ’ἢ
420 3231 457 3297 δὲ
477 3227 727 3320 προφερεστάτη
750 3231 841 3300 ἐστὶν
862 3223 1031 3298 ἆπασέων’
1056 3237 1089 3298 et
1104 3231 1253 3298 Ouidium

18 3349 27 3423 ‘‚
66 3430 70 3445 υ
128 3351 348 3431 [66611662]
370 3345 511 3417 ‘finierat
532 3352 645 3418 doctos
669 3371 686 3418 c
708 3352 800 3419 nobis
822 3351 962 3418 maxima
983 3345 1129 3434 cantus'3
1153 3355 1187 3419 et
1208 3351 1255 3416 ita

18 3499 25 3510 ·
127 3468 263 3536 Caesius
279 3469 403 3536 Bassus
428 3474 490 3553 [ap.
505 3470 659 3538 Priscian.
674 3471 704 3536 X
719 3472 761 3537 36
782 3490 813 3554 p.
828 3470 890 3537 527
906 3471 949 3552 H]
971 3469 1005 3536 in
1021 3470 1054 3536 Π
1069 3469 1255 3554 lyricorum:

18 3603 23 3644 ι
127 3582 285 3671 ‘Calliope
313 3587 463 3671 princeps
495 3590 632 3672 sapienti
660 3589 818 3672 psallerat
845 3581 921 3656 ore'.
943 3627 987 3637 —
1030 3590 1172 3656 12-14
1201 3589 1255 3654 616

18 3709 27 3784 )
127 3707 204 3770 milri
219 3705 385 3793 Calliope:
409 3709 560 3793 qartdnum
574 3717 676 3794 putor
690 3711 746 3775 ille
761 3709 894 3774 deornm
910 3708 1058 3794 capitol?
1087 3728 1131 3772 66
1146 3715 1257 3772 terror

18 3857 30 3886 ,·
127 3833 159 3889 et
172 3829 292 3910 patrio
315 3829 449 3892 saecula
471 3835 570 3892 mactat
594 3849 736 3914 quasque
758 3828 848 3893 dedit
866 3828 1028 3912 qnondam
1047 3827 1256 3893 morientibus

18 3961 29 4008 u
58 3964 61 3973 ·
95 3987 102 3996 -
126 3947 227 4028 eripit
244 3945 359 4010 artes?
387 3947 485 4012 verba
506 3941 573 4014 ‘dio
595 3948 672 4013 mihi
695 3939 850 4030 Calliope'
873 3945 974 4014 hahes
998 3947 1085 4029 apud
1107 3946 1256 4014 Claudia·

18 4080 28 4126 6
59 4038 63 4063 '
126 4043 203 4129 num
226 4063 308 4144 [laus
331 4066 471 4132 Serenae
496 4068 534 4146 1].
557 4067 736 4133 -dubius
758 4066 884 4148 haeres,
906 4065 1255 4145 utramnelectionem‚

18 4216 26 4246 e
58 4186 62 4195 '
125 4176 381 4266 ί6616661661]
410 4203 450 4250 an
472 4178 563 4267 ‘quid
584 4177 659 4252 non’
684 4185 747 4269 [Ρ],
775 4185 809 4252 16
837 4184 946 4253 codice
975 4183 1128 4266 scriptam
1154 4181 1255 4248 misse

1031 4312 1050 4366 2
