3068 4868
675 392 717 458 3⁷

409 632 602 710 Heroicum
630 630 811 734 Sulpiciae
837 655 993 709 carmen.

346 767 463 828 Queritur
480 769 511 816 de
527 771 594 816 stato
611 767 672 830 reip.
690 748 715 816 et
731 768 884 830 temporibus
901 765 1046 815 Domitiani.

177 909 278 980 Musa,
301 907 409 986 quibus
431 905 563 966 numeris
584 906 692 965 heroas
714 909 745 966 et
767 923 849 964 arma
869 905 1051 986 frequentas,

176 1025 316 1086 fabellam
336 1024 476 1102 permitto
497 1024 572 1082 mihi
595 1023 734 1084 detexere
756 994 866 1099 paucis.

176 1163 246 1204 nam
266 1142 469 1216 tibiseoossi,
492 1147 591 1202 tecum
612 1142 765 1220 penetrale
787 1145 953 1202 retrectans

178 1262 344 1323 consilium.
366 1281 457 1344 quaro
478 1279 535 1321 nec
557 1249 686 1322 carmine
709 1281 795 1322 curro
817 1261 958 1320 Phalaeci

179 1401 234 1442 nec
255 1381 391 1442 trimetro
413 1381 503 1442 Pario
524 1398 596 1454 nec,
619 1381 670 1460 qui
692 1382 767 1459 pede
788 1382 917 1455 fractus,
938 1381 1047 1454 iambo,

177 1500 297 1561 fortiter
317 1501 407 1561 irasci
430 1499 534 1560 didicit
555 1500 629 1560 duce
652 1500 849 1561 Clazomenio.

177 1622 252 1680 haec
273 1624 368 1680 metra
391 1620 464 1699 quin
486 1619 591 1694 otiam,
615 1620 764 1701 quondam
787 1639 863 1699 quae
884 1619 968 1680 milia
988 1619 1048 1680 lusi

176 1739 332 1820 primaque
352 1742 501 1800 Romanos
524 1739 611 1798 docui
634 1739 813 1799 contendere
836 1739 922 1799 Grais

180 1863 211 1918 et
232 1858 343 1918 salibus
365 1859 484 1919 uariare
505 1857 605 1931 nouis,
629 1862 800 1918 constanter
821 1858 925 1918 omitto

179 1981 284 2058 teque,
308 1977 416 2058 quibus
437 1977 577 2056 princeps
600 1997 616 2036 o
639 1977 851 2037 fecundissimo
872 1977 970 2050 calles,

180 2095 351 2172 aggredior:
374 2097 512 2175 precibus
534 2097 678 2157 descende
700 2096 819 2157 clientis
841 2101 871 2156 et
892 2096 969 2156 audi.
993 2131 1034 2141 -

179 2216 227 2275 dic
249 2216 340 2290 mihi,
363 2215 510 2294 Oolliope:
534 2216 605 2298 quid
627 2233 708 2276 nuno
728 2221 815 2293 pater
834 2216 886 2276 ille
908 2215 1030 2276 deorum

180 2335 311 2411 cogitet?
332 2356 371 2396 an
392 2341 488 2398 terras
510 2337 548 2396 od
569 2335 667 2414 patria
688 2336 807 2398 saecula
827 2339 923 2396 mutat

180 2475 313 2538 quasque
336 2457 418 2518 dedit
440 2457 589 2538 quondam
610 2455 814 2533 torpentibus,
838 2455 929 2532 eripit
949 2453 1050 2516 artes?

180 2594 293 2654 nosque
315 2576 399 2637 iubet
419 2576 527 2636 tacitos
549 2579 579 2634 et
599 2575 660 2634 iam
680 2575 806 2635 rationis
828 2579 958 2650 egentes,

180 2714 240 2754 non
262 2695 351 2756 aliter
371 2696 467 2773 primo
489 2713 578 2776 quom
601 2713 668 2754 oum
689 2693 871 2755 surreximus
893 2713 975 2768 aruo,

180 2813 338 2889 glandibus
360 2820 391 2875 et
412 2834 504 2892 purae
525 2833 628 2874 meus
650 2816 844 2892 procumbere
865 2811 1024 2894 lymphae?

181 2953 219 2993 on
240 2934 372 3017 reliquas
393 2940 489 2997 terras
512 2937 668 2994 conseruat
689 2933 801 2994 amicus
822 2938 853 2994 et
872 2935 970 3006 urbes,

136 3137 210 3186 uerbo
228 3138 354 3186 heroicum
366 3136 490 3199 Sulpiciae
507 3151 606 3186 carmen
623 3152 653 3184 eo
669 3137 828 3186 Uolaterrano
845 3136 941 3196 addidi,
958 3135 1065 3197 Sulpitia
1080 3133 1169 3196 incipit
1185 3131 1220 3192 V,·
1237 3132 1267 3182 dc

136 3240 160 3286 P
173 3238 229 3287 cido
240 3254 268 3300 p.
282 3241 306 3286 6.
326 3237 336 3306 ΙΙ
365 3243 380 3290 2
399 3241 511 3288 detexere
528 3239 597 3302 pacis
614 3240 728 3288 Heinsius
744 3237 755 3306 ΙΙ
773 3242 788 3288 3
805 3241 908 3289 secessit
929 3239 951 3285 V
966 3235 977 3307 ΙΙ
1000 3241 1114 3298 lneque
1136 3234 1158 3283 V
1175 3233 1179 3302 Ι
1200 3235 1266 3284 Pho·

136 3341 199 3390 loooi
216 3313 388 3402 Sobloeyoroo:
403 3342 509 3403 phaleoo
526 3340 549 3388 Υ
562 3343 685 3403 pholeuoo
697 3342 720 3388 P
735 3341 746 3410 ΙΙ
767 3345 781 3392 b
800 3343 875 3391 Porio
892 3341 993 3403 cmpos:
1009 3341 1093 3388 iambo
1105 3337 1159 3386 ΡΥ
1177 3334 1182 3405 Ι
1202 3337 1264 3386 iam·

136 3444 169 3492 bo
187 3444 289 3505 empti.-
312 3445 400 3492 oodem
416 3442 476 3490 ΡΥ
492 3459 538 3492 noo
556 3445 620 3492 tiim.
638 3459 684 3493 nec
706 3444 749 3506 qui
772 3445 865 3492 fractus
882 3445 946 3505 pede
968 3443 1067 3493 iambus
1085 3443 1172 3491 eodem
1188 3440 1266 3488 Loeb-

135 3560 237 3594 monooo
255 3542 266 3613 Ι
285 3547 300 3593 6
319 3546 405 3594 didicit
426 3545 522 3594 Uberes
532 3561 540 3593 .·
556 3546 629 3595 discit
646 3546 669 3592 P
678 3545 700 3591 V
715 3543 726 3614 ΙΙ
746 3550 760 3596 i
779 3547 840 3595 baso
857 3549 938 3594 metr's
954 3545 1059 3607 scripsi:
1083 3550 1180 3593 caetera
1197 3543 1220 3589 P
1229 3541 1251 3587 Υ
1259 3541 1262 3609 Ι

135 3649 261 3707 quondam
285 3662 349 3708 quae
366 3647 495 3696 Heinsius:
520 3650 586 3709 qnod
603 3649 708 3708 deniquo
725 3647 781 3695 PV
794 3653 855 3709 quot
871 3649 977 3709 deniquo
994 3648 1080 3696 mollis
1095 3641 1266 3710 Bomoauosss

136 3752 152 3798 8
169 3749 295 3798 Romanos
317 3749 430 3798 OEnduo:
447 3752 573 3799 &manos
591 3749 644 3797 ΡΥ
664 3748 669 3815 Ι
691 3750 767 3811 graiis
785 3750 840 3797 ΡΥ
857 3748 867 3815 Ι
889 3753 920 3799 10
938 3749 1081 3798 oloboiot:
1099 3753 1123 3810 et
1139 3747 1193 3794 PV
1212 3743 1217 3816 Ι
1239 3761 1266 3796 os

135 3851 312 3902 facundissima
329 3853 400 3902 collis
418 3852 544 3914 Scioppius
562 3853 610 3902 tao.
627 3854 708 3914 polles
725 3853 882 3902 Burmannus
901 3849 913 3920 ΙΙ
933 3856 964 3902 it
983 3867 1049 3902 nuno
1067 3851 1168 3913 scripti:
1184 3865 1235 3898 non
1247 3849 1270 3896 P

135 3967 194 4001 nam
216 3953 258 4018 ΥΙ
279 3956 311 4003 18
324 3955 356 4002 sd
374 3955 477 4016 toribii:
494 3960 519 4003 et
535 3954 590 4001 ΡΥ
604 3955 756 4004 inHeioaius
771 3953 777 4020 Ι
799 3933 1155 4022 perconsummasset
1173 3959 1205 4004 14
1218 3959 1266 4003 tor·

134 4055 251 4116 pontibus
273 4056 376 4118 compsi:
400 4057 562 4108 morientibus
584 4056 639 4105 ΡΥ
658 4059 795 4107 maioribus
817 4058 939 4108 Pontonoa
963 4059 1130 4109 maerentibus
1146 4059 1266 4106 Buteriso

134 4156 184 4206 iam
201 4159 317 4218 gentibus
333 4157 447 4207 Heinsio
464 4159 592 4208 morientis
609 4159 710 4208 laicos
727 4161 875 4210 mortalibus
892 4160 1019 4209 Hoouessoo
1039 4159 1050 4226 ΙΙ
1069 4162 1101 4210 15
1119 4161 1194 4208 etiam
1204 4159 1263 4226 ΡΥΙ

133 4259 221 4310 tacitsa
239 4259 283 4328 ΡΙ
304 4275 395 4322 egenos
412 4257 462 4330 ΡΙ
484 4263 514 4310 16
532 4275 594 4310 seue
612 4260 740 4310 Amnem
758 4259 770 4329 ΙΙ
789 4263 821 4310 17
838 4263 1000 4323 procumbere
1018 4261 1142 4310 numa:
1165 4276 1266 4323 procur-
