3068 4868
279 464 342 539 dis'
364 475 396 538 et
412 463 586 539 ‘aduersis'
611 471 708 539 ablat'
686 471 744 537 tnui
759 476 852 556 repet
838 472 928 538 tendi
947 476 1024 539 sunt
1041 473 1282 543 auomiuatiuis
1298 476 1413 563 plura·

278 592 355 658 lium
373 585 542 658 ‘'secunda
569 596 602 657 et
620 584 798 658 ‘laduersa
826 593 870 658 ad
892 591 1112 660 inlustrandos
1135 611 1249 660 uersus
1276 599 1408 662 nostros
1503 581 1504 648 ἶ

277 711 370 778 multi
385 709 523 777 attulere
539 709 599 776 (lat
585 710 670 778 tonis
691 710 790 777 uerba
806 711 894 794 apud
909 711 1045 779 Gellium
1069 713 1179 794 [v1,
1143 713 1179 778 3·
1209 713 1277 781 Cat.
1254 713 1408 798 tfragm.

278 833 327 897 erl.
343 831 466 897 Jordan
484 849 515 911 p.
531 830 571 894 21
592 833 650 912 sq]
676 835 806 896 seruata
829 831 921 898 baec:
945 825 1027 897 ‘scio
1045 832 1148 898 solere
1165 829 1328 916 plerisque
1348 834 1408 899 ho-

277 939 415 1016 minibus
439 949 534 1017 rebus
565 950 714 1016 secundis
743 955 839 1032 atque
864 950 997 1032 prolixis
1026 954 1123 1033 atque
1147 953 1311 1034 prosperis
1338 953 1409 1019 ani-
1504 960 1505 1014 t

277 1089 363 1137 mum
381 1068 534 1136 excellere
562 1072 658 1152 atque
676 1068 857 1152 superbiam
879 1075 975 1152 atque
992 1070 1142 1137 ferociam
1164 1089 1338 1153 augescere
1357 1076 1407 1138 at-

277 1208 338 1273 que
355 1207 498 1256 crescere
513 1238 521 1252 .
536 1239 544 1254 .
560 1239 590 1254 ..
614 1189 772 1255 aduersae
788 1206 841 1255 res
864 1165 1014 1256 edomant
1036 1195 1070 1255 et
1087 1190 1204 1257 docent
1225 1190 1303 1272 quid
1319 1207 1402 1273 opus

277 1310 339 1377 siet
353 1283 455 1376 iacto:
477 1308 638 1375 secundae
653 1325 708 1374 res
726 1308 900 1375 aduersum
915 1309 1045 1374 trudere
1065 1309 1171 1375 solent
1187 1327 1206 1375 a
1223 1315 1310 1376 recte
1329 1327 1404 1376 con-

277 1429 412 1496 sulendo
431 1433 526 1512 atque
543 1419 782 1510 intellegendo'.
805 1429 863 1494 sed
881 1427 965 1493 enim
982 1432 1097 1510 sponte
1113 1433 1261 1512 apparet,
1285 1434 1407 1511 quanta

276 1547 456 1616 differentia
478 1547 657 1613 intercedat
674 1545 759 1612 inter
776 1546 879 1612 locum
895 1545 1076 1614 Gelliannm
1099 1552 1132 1614 et
1150 1551 1310 1614 nostrum:
1340 1547 1407 1616 illic

277 1669 359 1735 scire
376 1686 411 1733 se
427 1666 506 1732 dixit
520 1666 614 1748 (lato,
635 1684 687 1732 res
703 1666 862 1731 secundas
878 1666 1061 1749 superbiam
1077 1667 1193 1734 inicere
1207 1666 1406 1749 hominibus3

276 1788 328 1854 hic
345 1785 427 1854 scire
442 1785 526 1852 uelle
541 1785 670 1866 (licitur,
680 1785 683 1790 '
693 1786 895 1852 secundaene
911 1805 951 1851 an
970 1786 1127 1853 aduersae
1143 1805 1194 1853 res
1212 1786 1317 1868 magis
1329 1806 1406 1869 pro-

278 1907 344 1975 sint
363 1907 410 1974 rei
425 1906 598 1972 Romanae.
621 1905 730 1987 itaque
748 1904 888 1988 Sulpicia
905 1904 946 1971 ad
967 1905 1060 1970 aliam
1077 1904 1208 1972 Catonis
1227 1905 1405 1972 orationem
1506 1938 1507 1958 ι

277 2031 424 2112 spectare
447 2025 591 2109 putanda
609 2029 668 2092 est.
695 2030 784 2091 recte
805 2028 912 2090 autern
933 2023 1085 2090 Pithoeus
1104 2017 1211 2091 ‘deos'
1239 2024 1272 2090 in
1290 2018 1404 2092 ‘adeo‘
1506 2009 1507 2032 ¹

276 2145 421 2213 mumuit.
450 2145 549 2211 uerba
565 2139 724 2210 ‘Romana
737 2135 896 2227 propago'
917 2147 993 2210 sunt
1011 2143 1144 2227 Uergilii
1161 2145 1251 2225 [Aen.
1266 2145 1310 2210 VI
1327 2145 1403 2226 871]

276 2304 318 2314 —-
335 2264 374 2332 51
394 2282 462 2347 sqq.
483 2265 607 2329 scilicet
622 2264 780 2328 aderensis.
803 2283 878 2326 nom
896 2284 966 2327 cnm
981 2261 1155 2348 defendier·
1169 2266 1270 2328 onmis
1285 2263 1402 2328 mandet

276 2404 371 2450 aanor
382 2385 519 2470 patrn'oe
533 2390 564 2446 et
579 2387 601 2461 †
618 2384 752 2467 capitino
768 2382 939 2466 penatibus
954 2401 1052 2462 onor,
1070 2385 1220 2448 conuenit
1235 2391 1269 2446 nt
1280 2384 1403 2466 corpis,

276 2523 412 2590 quornm
429 2503 542 2568 donnes
561 2507 582 2582 †
603 2509 861 2580 orornamenta,
891 2501 988 2566 turbo
1005 2510 1114 2587 tepens
1132 2503 1256 2566 strictis
1272 2523 1337 2585 pen·
1356 2503 1405 2566 ln·

276 2631 330 2689 teo
354 2643 501 2707 corpora
524 2624 605 2688 tetis.
636 2622 664 2689 si
682 2621 778 2688 uelim
798 2639 983 2688 enumerare
1006 2625 1122 2688 cuncta
1137 2621 1276 2687 uirorum
1294 2621 1404 2687 docto-

275 2762 345 2809 rum
364 2744 407 2832 ad
428 2742 642 2825 expediendos
667 2759 781 2808 uersus
802 2740 1085 2824 deprauatissimos
1108 2742 1302 2824 tentamina,
1332 2741 1403 2807 dies

275 2867 312 2928 ut
332 2862 421 2928 aiunt
446 2861 522 2927 mihi
545 2860 679 2927 deficiat.
709 2860 874 2942 quiquam
891 2860 1007 2926 misere
1028 2878 1064 2926 se
1081 2859 1247 2941 torserint,
1278 2861 1403 2943 uideas,

243 3065 248 3080 Ι
276 2981 412 3064 silibet,
433 2981 520 3064 apud
539 2979 751 3046 Schwarzium
768 2979 800 3044 in
819 2979 1084 3046 commentatione
1102 2980 1205 3046 altera
1220 2982 1261 3062 [p.
1275 2980 1404 3059 9-121.

275 3121 350 3183 noe,
381 3101 435 3184 qui
452 3100 587 3166 molesto
605 3097 748 3182 singulos
764 3098 924 3166 refutandi
943 3083 1052 3165 labore
1074 3100 1286 3182 supersedere
1305 3117 1404 3182 posse

274 3221 366 3287 nobis
383 3219 542 3301 uidemur,
563 3219 652 3286 breui
668 3219 744 3303 quid
764 3219 940 3286 sentiamus
959 3218 1164 3302 proferemus.
1187 3219 1275 3286 sotus
1292 3223 1401 3286 autem

275 3339 455 3422 Oaruttius,
495 3339 621 3423 qualem
644 3338 711 3406 fere
744 3338 902 3405 medelam
927 3338 1017 3404 locus
1050 3337 1207 3420 requirat,
1243 3335 1403 3406 intellexit

276 3464 318 3545 [p.
336 3459 405 3542 23]‚
435 3478 549 3542 nempe
572 3477 744 3542 uesparum
766 3462 800 3524 et
823 3457 930 3540 apium
953 3457 1131 3524 conflictum
1156 3457 1238 3538 [coll.
1253 3457 1333 3524 Plin.
1354 3457 1403 3522 XI

276 3580 332 3646 18:
353 3575 557 3663 ‘impugnant
575 3597 630 3646 eas
650 3581 756 3661 (apes)
773 3565 908 3644 naturae
923 3578 1067 3644 eiusdem
1085 3578 1259 3659 degeneres
1279 3594 1403 3660 uespae

275 3702 372 3781 atque
388 3690 567 3780 crabones']
586 3697 639 3764 hic
653 3697 900 3764 commemorari.
922 3696 1082 3763 sedidem
1099 3696 1217 3763 bonum
1234 3695 1402 3764 inuentum

274 3817 416 3900 pessima
431 3817 575 3884 foedauit
597 3817 778 3884 coniectura
797 3817 859 3882 hae
875 3811 926 3881 ‘ut
942 3815 1053 3898 uespis
1070 3815 1176 3899 apium
1196 3815 1309 3883 domus
1327 3833 1402 3882 arce

274 3928 467 4004 mouentnr'.
496 3936 555 4001 sed
578 3940 747 4020 praeterea
768 3928 870 4001 ‘arce‘
893 3936 979 4002 nude
998 3936 1139 4017 positum
1165 3955 1228 4001 non
1247 3935 1402 4001 minorem

274 4054 372 4124 habet
392 4053 598 4122 offensionem
620 4072 715 4137 quam
738 4072 835 4120 uersu
857 4054 1003 4137 sequenti
1020 4055 1098 4121 illud
1116 4047 1257 4138 ‘tegens'
1278 4053 1402 4136 absque

274 4173 399 4243 obiecto
421 4173 507 4258 quod
524 4178 650 4242 uocant.
672 4178 705 4241 et
720 4173 823 4241 omnis
840 4192 939 4256 opera
955 4178 1068 4240 nostra
1085 4173 1233 4242 cludetur
1248 4170 1402 4256 quamdiu
