3068 4868
689 380 728 446 11

143 553 202 617 pro
223 525 368 615 ‘stadio'‚
397 553 428 598 u.
443 533 486 599 45
507 527 725 603 ‘numantinus
747 525 947 616 libycosque'
977 552 1035 615 pro
1052 528 1272 600 ‘numantinus

143 645 357 736 libycusque']
386 651 561 734 itidemque
582 645 625 717 ‘f’
658 657 691 720 et
715 645 764 736 ‘p’
794 652 974 736 permixtae
1003 659 1045 730 [u.
1062 652 1104 718 35
1127 646 1271 719 ‘inferat’

144 791 202 855 pro
218 767 334 854 ‘imper
355 765 406 849 t’].
437 771 555 837 talibus
577 790 655 837 uero
677 771 820 839 minutiis
841 772 1049 854 impostorem
1070 772 1273 854 nescioquem

145 889 309 956 studuisse
331 909 393 972 quo
415 890 509 957 nobis
536 889 667 958 offucias
689 889 825 973 iaceret,
857 892 967 958 credat
988 891 1128 958 Iudaeus
1150 889 1274 973 Apella,

145 1027 207 1076 non
231 1028 300 1092 ego.

229 1129 298 1194 Iam
327 1127 368 1194 ad
391 1146 518 1200 carmen
545 1129 652 1212 ipsum
680 1133 893 1212 transeamus,
924 1130 965 1196 de
986 1129 1119 1211 qcoita
1139 1129 1274 1195 Boetius

147 1252 188 1330 [p.
204 1249 253 1329 91:
276 1243 324 1313 ‘in
345 1247 472 1314 tantillo
495 1248 633 1316 carmine
654 1249 862 1314 inueniuntur
885 1248 964 1315 uitia
985 1247 1126 1330 metrica,
1148 1267 1272 1316 errores

147 1366 182 1432 in
196 1367 291 1432 rebus
313 1366 483 1449 historicis,
505 1368 700 1452 comparatio
722 1368 841 1450 inepta,
862 1369 1019 1451 quaedam
1034 1367 1179 1448 barbare,
1195 1383 1275 1433 non-

146 1483 235 1551 nulla
248 1486 335 1568 mire,
356 1487 518 1568 permulta
537 1505 629 1570 noue,
651 1487 789 1570 plurima
809 1490 877 1554 tam
899 1487 1035 1553 obscure
1057 1486 1153 1568 dicta,
1174 1489 1211 1551 ut
1225 1485 1273 1551 di-

146 1605 309 1702 minutione
339 1605 419 1688 opus
447 1605 490 1672 sit
511 1607 554 1673 ad
575 1606 908 1689 mentemscriptoris
935 1597 1132 1672 eruendam’.
1163 1605 1272 1688 grauis

146 1725 324 1806 accusatio,
352 1721 471 1806 fateor3
503 1744 567 1808 qua
592 1731 701 1792 tamen
721 1727 802 1810 ipsa,
830 1727 864 1792 ni
885 1725 988 1808 fallor,
1019 1725 1148 1809 egregie
1174 1724 1273 1792 libelli

145 1843 284 1926 genuina
306 1863 344 1909 ex
366 1844 556 1927 antiquitate
577 1846 667 1930 origo
688 1846 880 1913 uindicatur.
915 1845 992 1928 quid
1007 1844 1112 1912 enimi
1133 1849 1210 1911 tune
1224 1845 1273 1912 ul-

145 1963 212 2028 lum
233 1963 426 2055 saeculiXV
447 1963 564 2030 Italum
587 1965 716 2031 doctum
732 1971 798 2031 tarn
815 1965 932 2032 malum
948 1976 1074 2032 cannen
1090 1965 1274 2030 condidisse

147 2085 278 2149 censes?
298 2084 371 2165 lege
385 2089 536 2166 poemata
556 2103 678 2151 eorum:
702 2085 783 2152 adeo
799 2089 875 2152 sunt
890 2086 976 2152 culta
990 2091 1024 2150 et
1045 2088 1133 2150 tersa
1149 2088 1182 2151 et
1197 2084 1273 2149 Oui-

148 2200 245 2266 diana
262 2202 422 2284 elegantia
444 2203 546 2284 (cuius
564 2203 725 2270 innostro
747 2222 807 2271 nec
827 2205 903 2270 uoia
918 2222 978 2271 nec
994 2203 1179 2288 uestigium)
1200 2203 1275 2270 fusa

147 2321 261 2403 omnia,
290 2326 327 2389 ut
347 2322 445 2388 talem
467 2322 595 2404 qualem
615 2323 749 2390 Boetius
776 2323 928 2390 describit
953 2322 1055 2390 fetum
1076 2342 1178 2406 nemo,
1210 2323 1274 2389 nisi

148 2459 219 2506 cum
233 2441 302 2507 risu
317 2444 349 2507 et
364 2445 548 2525 contemptu
563 2445 724 2526 exceptus,
746 2443 891 2515 emittere
906 2442 1054 2525 potuerit.
1097 2444 1155 2509 sed
1170 2461 1274 2525 neque

148 2559 332 2641 antiquitati
352 2560 409 2626 iila
429 2559 603 2645 barbaries,
625 2581 721 2646 quarn
744 2581 822 2629 sane
843 2569 881 2628 ut
901 2581 985 2629 nunc
1005 2561 1124 2645 legitur
1145 2561 1273 2629 libellus

149 2678 299 2761 praefert,
320 2684 428 2762 potest
449 2680 602 2748 adscribi:
630 2683 708 2748 solis
730 2682 866 2748 debetur
886 2681 984 2748 medii
1005 2681 1078 2748 aeui
1099 2680 1272 2747 monachis.

147 2801 234 2863 certe
264 2816 333 2880 ego,
364 2817 437 2865 cum
463 2801 569 2866 Iahnii
598 2819 677 2868 usus
708 2801 847 2868 editione
874 2801 1050 2872 identidem
1076 2800 1274 2883 perlegerem

148 2935 274 2983 carmen
304 2918 523 3002 plurimasque
552 2920 622 2987 eius
653 2921 857 2988 difficultates
888 2920 1130 3003 interpretando
1158 2920 1274 2987 tollere

148 3036 319 3118 studerem,
346 3038 533 3122 plerumque
554 3057 685 3122 operam
707 3059 811 3106 meam
832 3059 948 3106 uanam
970 3038 1178 3122 inutilemque
1200 3059 1274 3106 esse
1393 3109 1397 3114 ,

147 3154 291 3237 cognoui.
336 3157 450 3224 deinde
473 3177 550 3224 uero
572 3160 633 3225 hoc
655 3165 751 3241 atque
773 3160 828 3226 ilio
849 3160 920 3226 loco
939 3158 1152 3225 coniecturam
1172 3163 1273 3242 temp·

147 3275 229 3341 tanti
257 3293 328 3341 cum
354 3295 417 3342 non
445 3278 576 3344 deesset
605 3295 772 3345 successus
801 3297 935 3361 cumque
962 3298 1001 3345 ex
1022 3277 1104 3345 iacie
1130 3279 1218 3361 turpi
1240 3285 1274 3346 et

147 3393 281 3460 deiormi
309 3394 372 3461 iam
401 3397 493 3478 quasi
521 3398 682 3480 pollucere
708 3399 850 3465 uiderem
880 3397 1013 3464 formum
1043 3397 1212 3465 honestam
1241 3404 1274 3466 et

147 3513 325 3596 candidam,
345 3513 488 3582 intellexi
510 3517 587 3600 quid
608 3517 696 3583 factu
718 3523 804 3586 esset
821 3537 910 3602 opus.
952 3522 1149 3601 pertractato
1165 3523 1273 3584 autern

147 3649 217 3696 cum
234 3650 311 3699 cura
328 3639 398 3700 toto
413 3635 561 3718 carmine,
582 3637 723 3719 undique
745 3638 859 3720 collegi
882 3657 965 3721 quae
986 3637 1110 3719 priores
1133 3637 1273 3704 editores

147 3752 199 3816 uei
221 3752 321 3818 critiu
343 3754 587 3821 adnotauerant.
633 3777 673 3821 ex
694 3756 810 3838 quibus
831 3760 948 3839 tamen,
969 3762 1007 3822 ut
1027 3775 1139 3822 uerum
1161 3755 1275 3839 iatear,

145 3887 260 3951 parum
274 3872 423 3940 utilitatis
439 3874 609 3941 redundat
652 3893 745 3942 nemo
767 3876 850 3942 enim
872 3895 919 3959 ea,
940 3895 1005 3959 qua
1022 3877 1200 3959 oportebat,
1220 3877 1275 3942 uel

145 3987 256 4056 iudicii
282 3991 432 4060 libertate
461 3994 515 4060 uel
543 3995 699 4062 sermonis
725 3995 819 4062 latini
839 3996 955 4064 notitia
974 3997 1150 4064 instructus
1173 3996 1215 4062 ad
1236 3996 1274 4062 li·

146 4107 264 4177 bellum
285 4113 429 4180 accessit
473 4114 582 4197 itaque
597 4115 689 4182 nobis
703 4115 903 4199 propositum
919 4120 978 4198 est,
999 4115 1033 4182 in
1048 4114 1274 4182 commentario
1308 4142 1310 4147 ·

146 4229 233 4309 quod
255 4208 330 4296 iam'
340 4231 534 4315 exhibemus,
555 4233 632 4317 quid
652 4235 778 4318 poetria
799 4237 945 4302 Romana
966 4235 1080 4311 dicere,
1110 4234 1187 4318 quid
1208 4252 1272 4300 non
