3068 4868
822 339 865 406 26

277 466 526 562 familiaritatem
543 509 614 558 cum
626 491 772 576 Uergilio
787 492 981 560 contraxerit
996 496 1116 575 auctor,
1138 492 1306 560 molestum
1326 493 1408 560 illud

276 605 395 678 ‘uxori’
418 611 547 678 librario
569 612 752 695 tribuimus,
782 612 909 696 egregio
932 611 1105 678 Burmanni
1128 616 1305 679 commento
1329 607 1408 680 ‘Ue-

279 723 360 797 neri’
385 731 582 814 adstipulati.
617 731 706 797 ouius
736 732 825 798 uocis
854 751 949 815 quam
977 730 1080 798 facilis
1106 730 1205 805 fuerit
1229 731 1262 798 in
1286 725 1404 799 ‘uxori‘

279 849 485 934 deprauatio‚
518 854 605 917 recte
633 868 735 934 nuper
762 851 885 918 monuit
914 851 956 917 M.
978 850 1140 934 Hauptius
1170 851 1213 932 [in
1240 851 1406 919 Hermetis

278 969 341 1035 uol.
356 970 389 1034 II
409 989 439 1052 p.
456 970 496 1050 7].
519 1007 561 1018 -
589 969 631 1035 35
647 988 715 1053 sqq.
737 991 822 1035 acccc
837 973 936 1056 ipiiro·
954 973 1008 1056 qni
1021 989 1075 1038 res
1093 971 1262 1036 Romanoa
1279 969 1408 1057 inferat

278 1091 383 1168 iuter,
412 1109 478 1154 non
501 1088 594 1164 trabe
615 1089 673 1154 sed
697 1098 790 1176 terpo
810 1090 993 1174 prolapsus
1017 1099 1047 1155 et
1067 1091 1343 1175 irepluuieuibrm,
1374 1099 1407 1154 et

278 1209 386 1273 siradio
405 1215 435 1272 et
452 1209 584 1292 sopiens
602 1209 761 1274 henricum
780 1229 958 1294 nomenque
973 1229 1157 1295 pecusque,
1187 1212 1295 1274 omnic
1312 1209 1407 1274 obire

275 1327 375 1413 foros
391 1334 488 1412 utpote
504 1327 585 1392 crde
604 1329 763 1396 excedere
781 1330 881 1394 irascit.
917 1329 958 1396 de
979 1328 1153 1395 Domitiani
1175 1329 1209 1395 in
1231 1327 1407 1412 scriptores
1452 1323 1454 1327 ’

277 1447 550 1531 philosophosque
559 1446 696 1514 saeuitia
703 1449 782 1516 haec
792 1447 964 1515 Suetonius
975 1447 1074 1530 [Dom.
1086 1466 1111 1514 c.
1122 1449 1186 1530 10];
1203 1444 1405 1530 ‘linteremim

180 1605 183 1610 ·
277 1567 403 1633 Iunium
417 1567 583 1633 Rusticum
600 1568 685 1650 quod
700 1567 791 1634 Paeti
806 1568 969 1660 Thraseae
985 1573 1017 1634 et
1031 1564 1160 1634 Heluidi
1174 1568 1276 1636 Prisci
1290 1567 1406 1634 laudes

278 1686 435 1753 edidisset
449 1686 708 1770 appellassetque
723 1705 779 1754 eos
795 1688 1016 1755 sanctissimos
1030 1688 1134 1768 uiros;
1156 1687 1246 1754 ouius
1265 1687 1406 1754 criminis

278 1806 445 1874 occasione
473 1805 682 1889 philosophos
713 1823 822 1874 omnes
846 1807 923 1875 urbe
945 1808 1104 1891 Italiaque
1132 1799 1335 1888 summouit'3
1366 1807 1406 1873 cf.

278 1925 405 1994 omnino
427 1925 497 1992 Alb.
518 1923 669 1993 Imhofius
691 1925 724 1992 in
746 1925 843 2010 libro,
866 1928 916 1993 cui
936 1927 1100 2011 inscripsit
1119 1921 1169 1993 (Τ.
1187 1927 1319 1994 Flauius
1339 1926 1406 1992 Do-

276 2035 442 2112 mitianus'
473 2046 575 2128 [Halia
599 2046 671 2113 San.
697 2045 796 2129 1857,
816 2068 848 2130 p.
863 2047 925 2113 102
941 2052 1030 2130 sqql.
1065 2051 1141 2114 ante
1163 2061 1193 2114 u.
1208 2045 1250 2112 35
1271 2046 1404 2112 Iahnius

276 2165 422 2232 lacunam
443 2166 557 2232 statuit
579 2165 648 2232 sine
669 2166 756 2232 iusta
778 2184 884 2232 causa.
905 2186 978 2233 nam
1000 2167 1132 2248 labella,
1155 2185 1250 2249 quam
1272 2165 1326 2232 illc
1349 2165 1405 2231 de-

277 2284 451 2366 siderauit,
474 2289 525 2352 est
546 2290 617 2352 tota
628 2284 694 2356 ‚illa
710 2286 852 2352 narratio
868 2286 943 2352 inde
959 2305 986 2352 a.
1009 2305 1040 2380 u.
1054 2287 1097 2352 20
1118 2305 1220 2369 usque
1243 2285 1285 2355 ad
1296 2303 1336 2352 tu
1351 2285 1404 2352 58.

276 2403 361 2471 idem
377 2407 494 2487 tamen,
516 2421 587 2470 cum
603 2405 780 2472 sententias
797 2425 861 2471 non
879 2410 954 2489 apte
977 2407 1148 2474 cohaerere
1171 2405 1282 2488 [praei.
1303 2425 1334 2488 p.
1350 2406 1403 2486 11]

276 2525 406 2607 diceret,
425 2528 511 2591 recte
534 2520 636 2591 sensit
658 2523 878 2592 difficultatem
896 2543 991 2608 quam
1006 2517 1130 2608 ‘igitur'
1148 2544 1210 2590 uox
1224 2524 1329 2591 habet.
1352 2525 1405 2590 cui

277 2644 526 2728 Oannegieterus
551 2644 580 2725 [l.
595 2644 615 2711 l.
639 2664 670 2727 p.
685 2645 759 2726 367]
775 2637 894 2712 ‘aliter'
912 2645 1079 2712 scribendo
1095 2644 1292 2711 medebatur.
1315 2644 1405 2710 nidla

277 2782 357 2848 opus
374 2768 424 2832 est
438 2765 623 2846 mutatione,
646 2764 818 2830 dummodo
838 2769 914 2847 post
929 2763 985 2830 illa
998 2758 1169 2830 ‘excedere
1183 2755 1290 2830 iussit‘
1307 2763 1404 2830 inter-

276 2883 411 2966 rogandi
443 2882 570 2966 signum
601 2901 768 2967 ponamus.
803 2887 913 2950 not-um
943 2888 1051 2950 autem
1081 2886 1148 2964 est,
1181 2901 1275 2965 quam
1306 2901 1405 2966 saepe

277 2995 395 3086 ‘igitur
418 3002 452 3070 in
474 3002 592 3070 talibus
614 3003 918 3087 interrogationibus
941 3021 1084 3070 summae
1110 3001 1322 3085 indignationi
1351 3021 1404 3070 ex·

275 3122 461 3206 primendae
474 3122 639 3190 inseruiat.
668 3123 701 3188 in
724 3122 831 3190 uerbis
854 3124 1012 3206 corruptis
1029 3117 1165 3206 ‘quires
1180 3123 1340 3188 Romanas
1356 3123 1404 3187 in·

275 3242 360 3310 ferat
380 3234 476 3310 inter’
499 3242 532 3308 in
554 3241 684 3310 diuersa
706 3244 812 3310 omnia
834 3241 982 3309 abierunt
1011 3241 1104 3308 docti.
1138 3247 1225 3308 recte
1249 3245 1403 3334 putamus

276 3362 472 3446 Scaligerum
502 3380 540 3427 ex
561 3354 707 3428 ‘inferat’
731 3363 879 3429 elicuisse
900 3354 1065 3445 ‘imperat'
1087 3365 1237 3444 recteque
1259 3362 1403 3428 Dousam

275 3501 409 3564 prauam
431 3481 634 3564 latinitatem,
656 3500 738 3565 quae
761 3486 811 3548 est
832 3482 865 3546 in
886 3481 950 3547 illis
973 3474 1072 3546 ‘inter
1092 3499 1145 3548 res
1160 3480 1322 3548 Romanas
1344 3481 1404 3546 im-

274 3594 412 3684 perare,
434 3601 646 3669 summouisse
668 3601 867 3668 restituendo
883 3595 954 3667 ‘rex
967 3602 1129 3667 Romanos
1143 3599 1282 3683 imperat
1296 3593 1403 3684 inter',

278 3725 516 3803 comparantem
530 3721 731 3805 Propertium
757 3721 816 3801 [III
833 3721 883 3802 32,
899 3720 952 3802 57]
974 3714 1024 3785 ‘ut
1040 3738 1170 3802 regnem
1186 3719 1302 3784 mixtas
1318 3719 1404 3786 inter

276 3839 412 3907 conuiua
432 3832 580 3923 puellas'.
611 3839 695 3907 idem
719 3845 770 3907 est
790 3839 940 3906 iudicium
963 3839 1069 3906 Bootii
1094 3840 1214 3921 [p.13].
1246 3839 1403 3922 depraua-

274 3959 401 4027 tissimc
427 3958 575 4026 carminis
604 3959 704 4025 uerba
734 3963 810 4024 sunt
836 3958 893 4025 illa
915 3953 993 4025 ‘non
1015 3958 1106 4026 trabe
1135 3959 1194 4025 sed
1215 3962 1306 4042 tergo
1328 3977 1403 4042 pro-

274 4071 412 4163 lapsus’.
442 4097 524 4162 qnae
551 4078 605 4160 qui
628 4078 708 4144 duce
731 4077 919 4145 Oasaubono
951 4079 1002 4159 [de
1024 4077 1113 4145 satir.
1134 4079 1227 4162 poesi
1248 4079 1305 4145 l.3
1328 4097 1353 4146 c.
1369 4081 1400 4162 3]

276 4199 424 4266 adinstar
444 4197 606 4282 prouerbii
628 4196 735 4282 graeci
756 4189 814 4265 οὐκ
835 4190 904 4264 ἀπὸ
927 4193 1038 4281 dureo,
1068 4190 1138 4264 ἀλλ’
1161 4191 1217 4264 ἀπ’
1239 4191 1314 4265 ’o'ooo
1336 4199 1403 4280 (uel

274 4311 345 4386 ἀπὸ
367 4316 434 4401 νοῦ)
456 4313 653 4386 καταπεσών
673 4317 761 4385 dicta
781 4319 966 4400 uoluerunt,
990 4318 1037 4384 eis
1059 4337 1137 4384 uero
1158 4319 1245 4401 quod
1267 4337 1402 4402 respon-
