3068 4868
561 347 780 421 ’25,

141 517 171 574 et
189 509 280 572 molli
296 509 428 573 ratione
443 507 586 594 repebat.
623 509 772 578 nimirum
794 527 814 575 a
835 506 954 575 ueteris
978 505 1166 590 disciplinae
1188 506 1269 572 mili-

140 629 220 694 taris
242 627 433 695 austeritate
454 629 661 696 desciuerunt
678 628 834 714 paulatim
849 627 985 694 Romani
1000 627 1121 696 artibus
1137 626 1269 694 litteris-

141 767 203 830 que
218 767 347 830 operam
362 752 530 817 nauantea
558 748 639 815 illud
654 741 769 814 ‘molli'
788 766 851 814 non
868 748 938 814 sine
953 746 1175 814 recordatione
1197 765 1268 812 uer-

142 885 235 933 suum
251 866 480 934 Ouidianorum
494 862 662 935 ‘didicisse
675 868 814 936 fideliter
832 871 918 934 artes
940 865 1061 933 emollit·
1081 884 1187 932 mores
1209 885 1268 933 nec

143 985 218 1053 sinit
234 1004 306 1053 esse
320 978 418 1053 ieros'
436 987 667 1071 scriptumest.
688 1025 731 1034 -
761 988 803 1053 32
819 1005 887 1070 sqq.
908 985 1145 1066 semiarianis,
1167 1005 1269 1070 neqrre

142 1107 223 1170 onim
241 1113 375 1190 palmet
392 1114 545 1171 constare
559 1108 628 1172 sine
644 1108 734 1191 ipsis.
758 1114 792 1170 at
806 1105 938 1192 (rastra
952 1107 1051 1170 arari
1067 1105 1269 1189 mendaxque
1303 1091 1306 1102 ’

141 1225 312 1309 Diespiter·
330 1225 406 1289 olim
417 1220 602 1310 ‘imperium
619 1228 688 1291 sine
703 1223 770 1310 fine
787 1217 874 1290 dedi'
894 1225 1016 1290 dixisse
1030 1223 1202 1308 probatur.
1227 1225 1268 1290 de
1294 1281 1296 1288 ,

141 1343 300 1426 prioribus
315 1344 422 1411 uerbis
437 1345 517 1412 haec
531 1345 629 1412 habet
643 1345 777 1412 Bootius
795 1349 837 1428 [p.
853 1345 921 1426 13]:
935 1339 1089 1429 ‘poprdus
1103 1344 1267 1410 Romanus

143 1463 235 1530 stetit
257 1463 375 1530 uirtute
395 1464 471 1530 belli
494 1468 526 1531 et
548 1465 710 1548 sapientia
729 1465 828 1548 pacis.
858 1465 968 1547 itaque
987 1463 1096 1528 stabat
1114 1463 1179 1542 dis,
1202 1481 1268 1528 non

141 1585 175 1646 ia
191 1583 252 1662 aa,
275 1587 307 1650 et
329 1583 412 1650 male
434 1583 495 1650 sibi
518 1589 722 1669 opponuntur
743 1592 834 1650 stare
854 1587 888 1648 ia
904 1584 954 1648 la's
976 1587 1008 1649 et
1029 1590 1182 1648 constare
1198 1584 1268 1646 siae

141 1703 230 1786 ipsis.
265 1703 293 1770 si
314 1721 373 1786 per
400 1706 538 1770 metrum
566 1703 725 1786 licuisset,
755 1707 867 1772 auctor
894 1700 1043 1769 carminis
1071 1702 1267 1785 scripsisset:

141 1821 251 1890 stabat
279 1840 350 1888 cum
378 1821 446 1904 hie,
475 1842 578 1907 neque
607 1823 691 1888 enim
717 1827 846 1906 poterat
867 1828 1015 1898 constare
1037 1803 1107 1889 sine
1127 1814 1203 1890 his'.
1233 1827 1268 1888 at

142 1941 226 2007 enim
246 1940 349 2008 bonus
370 1941 505 2008 Bootius
534 1961 599 2008 una
628 1959 698 2008 curn
725 1943 856 2026 reliquis
883 1941 1061 2009 editoribus
1087 1941 1268 2024 criticisque

140 2079 204 2126 non
219 2061 392 2143 perspexit,
415 2055 538 2128 ‘stabat
552 2061 585 2142 in
600 2055 663 2128 his‘
687 2081 745 2143 per
766 2061 960 2128 latinitatem
981 2061 1090 2128 ualere
1103 2055 1268 2143 ‘perseue-

140 2178 235 2244 rabat
255 2179 287 2244 in
309 2173 374 2247 his'
398 2181 481 2266 (scil.
504 2182 550 2248 ad·
568 2180 743 2247 Domitiani
765 2201 868 2265 usque
888 2181 1079 2264 imperium).
1102 2179 1188 2264 quod
1207 2199 1267 2263 pro

140 2315 211 2364 meo
234 2303 331 2382 captu
352 2305 386 2380 et
407 2301 600 2368 sententiam
617 2301 716 2368 habet
733 2300 954 2384 planissimam
967 2295 1005 2368 “et
1018 2302 1101 2367 bene
1116 2299 1163 2365 illi
1179 2293 1268 2366 ‘con-

142 2410 244 2486 stare'
268 2421 448 2502 opponitur.
480 2421 599 2488 malum
629 2426 735 2487 autem
765 2439 898 2488 acumen
926 2425 959 2487 et
979 2419 1034 2486 uix
1055 2419 1203 2502 latinum,
1232 2423 1269 2486 ut

85 2603 93 2610 ,
141 2537 256 2606 Bootio
273 2539 510 2606 concedendum
526 2545 586 2624 est,
607 2541 692 2607 inest
714 2541 871 2624 oppositis
887 2532 965 2607 ‘his‘
984 2545 1018 2606 et
1032 2531 1151 2623 ‘ipsis’.
1181 2539 1268 2622 quod

142 2657 208 2723 noli
229 2657 376 2726 dubitare
398 2660 473 2742 quin
494 2660 624 2726 librario
648 2659 811 2726 debeatur.
833 2677 964 2726 reuoco:
987 2653 1105 2742 ‘neque
1121 2658 1205 2725 enim
1219 2659 1269 2723 la's

141 2781 268 2860 poterat
283 2783 432 2846 constare
448 2778 517 2846 sine
532 2772 635 2862 ipsis'.
664 2779 697 2846 in
715 2780 879 2846 enuntiato
897 2779 1015 2861 altero,
1038 2777 1091 2844 ubi
1111 2779 1137 2844 P
1153 2779 1182 2845 V
1196 2773 1268 2845 ‘aul

95 2913 96 2917 ¹
140 2889 273 2962 frustm'
295 2898 436 2980 tradunt,
458 2891 519 2965 ‘at'
544 2900 584 2966 ab
605 2900 719 2966 Iahnio
742 2918 781 2968 ex
800 2899 930 2965 Bnherii
953 2898 1052 2980 [misc.
1068 2899 1191 2966 obsera.
1205 2898 1267 2965 Vll

141 3034 172 3096 p.
187 3016 262 3111 256]
285 3017 469 3084 coniectura
490 3018 523 3084 in
540 3023 664 3091 textum
680 3019 841 3086 inuectum
856 3024 921 3101 est;
944 3037 1008 3084 non
1022 3022 1119 3099 recte,
1141 3023 1177 3084 ut
1191 3016 1268 3084 mihi

141 3133 279 3217 uidetur,
300 3153 371 3203 cum
393 3138 433 3204 de
456 3143 634 3222 temporum
657 3139 834 3205 mutatione
856 3158 886 3204 u.
901 3137 943 3204 35
965 3139 1093 3204 demum
1112 3156 1207 3221 agere
1220 3137 1268 3203 in-

41 3281 43 3284 ·
144 3252 242 3338 cipiat
256 3256 391 3338 poetria.
418 3257 532 3324 melius
550 3259 615 3325 iam
629 3258 880 3342 Uannegieterus
904 3258 935 3339 [l.
951 3258 971 3323 l.
993 3278 1025 3341 p.
1040 3258 1115 3338 367]
1139 3257 1269 3340 scripsit
1399 3251 1403 3260 ’

140 3368 234 3440 ‘haut
250 3369 398 3442 trustra'.
432 3379 532 3444 uerba
555 3373 735 3462 timperium
761 3378 830 3444 sine
851 3376 915 3444 fine
935 3369 1021 3443 dedi‘
1046 3377 1134 3460 apud
1154 3377 1268 3460 Uergi-

140 3491 218 3558 lium
241 3495 449 3578 [16111279]
473 3498 515 3564 ad
530 3497 697 3580 Uenerem,
718 3515 783 3564 non
799 3497 841 3564 ad
855 3498 1008 3563 Iunonem
1022 3495 1101 3563 lacit
1114 3496 1267 3579 Iuppiter.

141 3612 249 3695 itaque
265 3619 357 3680 erant
371 3615 425 3698 qui
440 3615 612 3699 Sulpiciam
628 3609 746 3684 ‘uxori'
764 3617 955 3684 scribentem
973 3615 1124 3682 memoria
1141 3615 1266 3699 lapsam

141 3733 316 3815 crederent,
338 3739 409 3800 erat
430 3736 483 3818 qui
506 3753 575 3802 eam
599 3736 766 3819 deceptam
787 3706 894 3802 uerbis
917 3736 1003 3819 apud
1017 3734 1195 3820 Uergilium
1218 3755 1268 3802 se·

141 3851 312 3934 quentibus
335 3847 427 3938 ‘quin
457 3873 574 3938 aspera
601 3848 693 3922 Iuno'
725 3854 915 3937 affirmaret,
948 3859 1019 3921 erat
1046 3855 1184 3939 denique
1212 3856 1267 3938 qui

140 3971 287 4054 argutius
313 3992 409 4056 quam
435 3974 544 4042 uerius
571 3976 680 4042 Iovem
708 3981 824 4059 postea
851 3976 1051 4042 uoluntatem
1078 3993 1169 4042 suam
1196 3994 1268 4042 cum

55 4081 60 4088 ’
140 4092 263 4158 Iunone
291 4093 543 4162 communicasse
571 4094 692 4162 diceret
713 4094 810 4180 idque
832 4094 1039 4178 comprobare
1060 4093 1146 4160 illius
1167 4093 1268 4160 uerba

141 4211 184 4276 ad
205 4211 363 4279 Uenerem
385 4213 463 4280 data
479 4207 679 4297 ‘mecumque
702 4215 810 4298 (Iuno)
832 4214 955 4281 fouebit
977 4215 1137 4280 Romanos
1160 4231 1267 4278 rerum

141 4330 289 4398 dominos
305 4336 495 4418 gentemque
511 4326 677 4417 togatam'.
699 4352 758 4400 nos
774 4333 827 4417 qui
844 4332 965 4416 experti
981 4332 1099 4398 scimus
1115 4335 1268 4414 quantam
