3068 4868
820 349 841 413 2

264 501 332 568 titit
353 501 456 567 eidem
479 499 563 566 Guil.
582 499 647 582 Sig.
664 499 783 564 Teuffel
804 499 838 564 ln
861 499 991 582 egregio
1013 518 1106 581 quem
1129 501 1169 566 de
1191 499 1326 567 historia
1343 500 1396 566 lit-

264 624 404 686 teramm
427 620 642 684 Romanarum
665 617 855 700 conscripsit
876 618 958 683 libro
982 622 1022 700 [p.
1040 619 1103 684 645
1121 620 1169 685 ed.
1188 623 1256 700 pul.
1287 620 1395 701 itaque

265 756 336 804 curn
358 738 532 803 uerendum
555 735 606 818 sit
628 755 669 802 ne
690 737 888 818 auctoritati,
910 755 974 818 qua
994 737 1108 803 merito
1130 737 1182 802 hic
1203 737 1264 804 uiri
1286 737 1396 803 claris-

259 856 336 922 simi
357 855 438 922 liber
458 855 567 937 floret,
589 854 733 920 obsecuti
754 854 818 920 iam
840 855 981 938 plurimi,
1004 856 1118 938 quibus
1141 874 1245 938 neque
1266 861 1394 938 tempus

263 992 367 1056 noque
399 975 525 1040 animus
558 978 608 1039 est
639 973 745 1072 acrius
775 972 808 1038 in
839 973 923 1040 hanc
953 975 1174 1057 quaestionem
1205 975 1395 1057 inquirendi,

264 1112 392 1160 carmen
415 1111 490 1160 uere
513 1093 678 1175 antiquum
700 1111 759 1175 pro
782 1092 892 1175 spurio
914 1092 1055 1159 habeant
1076 1097 1109 1158 et
1126 1094 1310 1176 supposito,
1333 1113 1393 1176 ego

262 1212 350 1278 baud
374 1213 414 1279 ab
436 1231 470 1277 re
493 1213 589 1293 duco,
618 1210 727 1277 oblata
756 1211 916 1277 scribendi
938 1213 1179 1294 opportunitate
1204 1217 1305 1278 totam
1327 1231 1393 1278 rem

263 1337 438 1398 retractare
468 1336 564 1413 atque
587 1331 757 1396 ostendere
779 1348 874 1412 quam
903 1330 968 1396 siut
988 1331 1111 1397 futtiles
1139 1335 1173 1396 et
1194 1331 1394 1398 reiectanoee

210 1514 212 1520 .
262 1451 369 1517 Bootii
390 1452 532 1518 rationes
553 1453 678 1514 tantum
699 1466 763 1513 non
786 1466 914 1529 omnes,
946 1467 1016 1514 cum
1041 1449 1233 1531 praesertim
1262 1449 1393 1516 carmini

261 1569 325 1650 ipsi
339 1570 422 1634 hanc
436 1572 580 1634 nostrum
595 1565 733 1648 opellam
748 1566 835 1632 haud
851 1566 995 1632 inutilem
1010 1566 1079 1633 lore
1095 1567 1260 1634 confidam.
1277 1568 1392 1649 quodsi

261 1686 404 1753 Teuffelii
426 1686 617 1753 sententiam
639 1691 765 1752 mutare
793 1685 870 1752 mihi
899 1685 1078 1769 continget,
1110 1705 1227 1770 operae
1252 1687 1390 1770 pretium

262 1805 377 1872 tulisse
400 1805 543 1873 uidebor.

345 1925 602 1992 Fundamentum
630 1921 772 2007 opinioni
800 1941 880 1990 suae
906 1925 990 2006 inde,
1003 1903 1102 2008 'petiit
1127 1924 1274 2007 Bootius,
1305 1926 1390 2008 quod

259 2061 353 2131 nemo
375 2043 481 2110 adhuc
499 2043 693 2126 poematium
711 2048 856 2109 nostrum
872 2043 905 2109 in
925 2045 1032 2112 codice
1048 2044 1155 2126 aliquo
1171 2047 1388 2127 manuscripto

259 2162 391 2229 inuenit
412 2162 549 2245 primum
572 2161 655 2227 enlm
677 2163 797 2228 editum
819 2167 870 2228 est
887 2163 1030 2230 Uenatiis
1051 2181 1135 2229 anno
1152 2164 1236 2228 1498
1254 2165 1288 2229 in
1308 2163 1389 2230 libro

215 2343 222 2364 ,
260 2281 315 2364 qui
337 2281 488 2348 nobilium
517 2279 640 2363 aliquot
665 2286 833 2363 poetarum
854 2280 1009 2346 Italorum
1039 2281 1180 2347 carmina
1208 2281 1389 2364 complecti-

260 2399 362 2480 tur*).
382 2400 426 2467 ibi
447 2401 481 2466 in
503 2400 605 2484 qulnti
626 2399 844 2483 quaternionis
866 2400 986 2484 pagina
1007 2400 1120 2467 ultima
1141 2400 1275 2484 legitur:

302 2519 374 2586 Hoc
395 2519 556 2587 uolumine
578 2520 659 2587 haec
680 2521 883 2586 continentur
905 2519 1068 2602 Opuscula

303 2639 448 2722 Gregorii
469 2639 621 2721 Tipherni
641 2639 761 2705 Poetae
784 2639 905 2705 clariss.
927 2637 1092 2721 Opusculu

305 2757 431 2824 louiani
452 2758 589 2824 Pontani
611 2757 722 2844 Umbri
742 2757 863 2824 Poetae
883 2757 987 2824 Nenia

304 2877 428 2943 Iouiani
449 2876 587 2944 Pontnni
607 2876 728 2944 Poetae
749 2876 957 2959 Epigramata
979 2877 1136 2958 quaedam

306 2997 446 3063 PrbcIsei
466 2995 594 3062 Octauii
614 2995 735 3062 Poetae
758 2996 801 3062 de
825 2994 953 3062 amorib’
978 2994 1080 3078 epl’ae
1102 2995 1338 3077 elegatissimae

304 3115 461 3198 Sulpitiae
482 3114 640 3183 Carmina.
662 3115 758 3180 LXII
780 3132 863 3196 quae
883 3114 945 3181 fult
965 3114 1117 3181 Domitiai
1138 3113 1336 3198 temporibus

303 3235 414 3318 Nuper
433 3253 491 3318 per
513 3233 641 3317 Georgii
662 3232 806 3301 Merulae
828 3253 927 3316 opera
952 3233 986 3300 in
1006 3234 1110 3300 lucem
1130 3233 1237 3300 Edita

465 3355 661 3436 impressum
682 3352 826 3420 Uenetiis
848 3371 908 3434 per
928 3352 1152 3420 Bernhardinu
1173 3351 1307 3419 Ueneti.

530 3475 624 3539 Anno
645 3471 781 3539 Domini.
801 3472 844 3537 M.
860 3471 969 3539 0000.
983 3471 1124 3540 XCVIII.

530 3590 652 3657 Mensis
672 3590 757 3656 Iunii
777 3589 838 3656 Die
859 3591 1036 3658 undecimo.

263 3712 375 3778 eodem
396 3709 464 3778 fere
487 3714 640 3794 tempore,
662 3728 724 3793 quo
747 3708 845 3776 editio
862 3709 989 3777 Ueneto
1004 3709 1133 3792 prodiit,
1153 3708 1268 3775 iterum
1289 3708 1390 3774 satira

263 3847 383 3896 excusa
404 3833 455 3896 est
475 3829 508 3894 in
530 3829 671 3896 editione
693 3828 827 3894 Ausonii
848 3829 1015 3895 Parmensi
1037 3846 1057 3894 a
1078 3827 1230 3894 Thadaeo
1252 3827 1390 3912 Ugoleto

262 3948 421 4030 instituta,
441 3949 490 4014 cui
512 3947 728 4029 subscriptum
751 3951 816 4012 est:
833 3941 1041 4030 ‘impressum
1057 3946 1192 4014 Parmae
1209 3965 1268 4030 per
1281 3947 1390 4030 Ange-

332 4100 358 4168 *)
373 4103 446 4152 huius
461 4103 519 4152 libri
541 4102 660 4151 rarissimi
682 4103 808 4162 exemplar
825 4100 987 4162 Gottingense
1005 4102 1112 4150 Antonio
1129 4103 1237 4166 Klettio,
1264 4105 1317 4152 uiro
1339 4105 1388 4153 clu·

262 4203 373 4265 mammo,
390 4205 555 4254 intercedente
571 4206 656 4254 Ianam
673 4205 845 4254 transmissum
861 4203 1044 4256 aecurcu'ssime
1062 4206 1161 4253 contuli.
