3068 4868
749 397 857 469 Ι42

267 559 361 627 facile
378 559 506 626 ueniam
532 555 731 624 donabimus.
760 573 854 622 nemo
872 555 956 622 enim
980 573 1017 622 eo
1041 573 1143 638 usque
1166 555 1402 639 progredietur,

266 683 304 746 ut
322 697 438 747 reuera
454 678 495 745 ab
509 675 662 760 Ausonio,
684 695 705 742 a
721 675 811 742 cuius
827 675 954 760 ingenio
970 679 1003 742 et
1016 673 1175 742 scribendi
1191 673 1314 742 ratione
1330 679 1402 743 toto

267 803 305 865 ut
320 798 411 864 aiunt
428 797 517 863 caelo
538 795 655 878 distat,
678 813 804 862 carmen
820 798 966 862 nostrum
986 795 1196 879 compositum
1213 812 1285 862 esse
1304 795 1400 862 dicat.

267 922 407 984 ceterum
424 920 534 981 notum
550 918 616 996 est,
637 918 715 997 quot
732 914 850 998 spuriis
867 933 982 998 corpus
998 919 1181 998 poematum
1198 914 1400 982 Ausoniano·

266 1054 338 1101 rum
363 1033 554 1119 permixtum
578 1032 639 1117 sit3
679 1033 768 1100 carius
791 1033 837 1101 rei
863 1035 916 1101 uel
941 1032 1182 1118 antiquissimus
1205 1034 1273 1100 eius
1298 1034 1400 1100 codex

266 1153 447 1221 Uossianus
480 1152 614 1236 praebet
638 1152 861 1220 documentum
894 1152 943 1234 [cl.
970 1155 1007 1219 A.
1029 1151 1143 1235 Riese,
1174 1153 1261 1219 anth.
1286 1153 1342 1219 lat.
1365 1153 1399 1218 II

265 1271 365 1356 praef.
388 1293 419 1356 p.
433 1273 547 1354 XVIll.
576 1271 685 1339 nescio
709 1276 817 1338 autem
842 1289 883 1339 an
905 1272 1027 1338 nullum
1053 1271 1244 1355 prudentius
1267 1271 1308 1339 dc
1329 1289 1398 1338 car-

266 1391 351 1458 mine
375 1395 486 1459 nostro
503 1391 654 1459 iudicium
669 1389 830 1472 prolatum
847 1390 890 1458 sit
907 1408 1003 1473 quam
1019 1408 1040 1456 a
1057 1389 1241 1474 Fulgentio,
1269 1389 1398 1458 homine

267 1491 450 1594 ceteroquin
461 1510 687 1595 nugacissimo.
708 1529 783 1577 nam
798 1508 1004 1593 loquacitatis
1018 1509 1136 1576 crimen
1151 1513 1237 1576 carte
1250 1510 1396 1578 intutam

265 1629 363 1697 istam
376 1629 609 1712 praedationem
626 1634 689 1712 [uu
708 1631 823 1711 1—11]
843 1630 990 1712 quadrat.
1012 1629 1121 1712 itaque
1136 1647 1196 1712 ego
1212 1628 1259 1696 sic
1276 1633 1395 1711 statuo,

266 1743 463 1832 poematium
475 1753 695 1840 nostrumnon
706 1749 806 1816 multo
818 1747 1037 1832 postAusonii
1048 1752 1175 1832 tempus
1186 1727 1396 1832 compositum
1516 1779 1521 1790 ·

265 1886 339 1936 esse
356 1887 377 1935 a
391 1868 495 1935 tirone
511 1870 665 1952 quodam,
687 1869 742 1952 qni
756 1867 850 1937 lectis
866 1866 1027 1952 Sulpiciae
1038 1868 1209 1958 ⁴opusculis
1229 1874 1282 1950 (ea
1300 1868 1394 1951 enim,

213 2011 216 2016 ·
264 1992 303 2054 ut
316 1987 466 2069 Ausonii,
496 1987 620 2055 Sidonii
639 1987 849 2072 Apollinaris,
877 1987 1039 2070 Fulgentii
1060 1987 1245 2055 testimonia
1267 1989 1394 2070 docent,

266 2124 395 2189 semper
417 2105 451 2172 in
472 2105 583 2173 fauore
607 2107 770 2175 hominum
792 2111 899 2189 erant)
923 2125 1081 2173 summum
1100 2107 1169 2174 eius
1191 2108 1224 2173 in
1244 2108 1394 2174 maritum

265 2243 405 2292 amorem
433 2225 608 2310 depingere
632 2227 753 2308 etipse
775 2225 907 2309 cupiens
926 2206 1088 2310 egregiam
1108 2225 1141 2293 in
1158 2225 1333 2294 Domitiani
1353 2225 1395 2294 de

263 2343 464 2428 philosophis
483 2343 651 2427 abigendis
670 2345 774 2412 edicto
791 2363 903 2411 ansam
918 2345 1112 2413 nactus‘sibi
1129 2346 1301 2413 uideretur.
1332 2346 1392 2414 hoc

264 2462 348 2530 enim
359 2463 507 2530 carminis
522 2481 594 2531 esse
605 2482 771 2545 summum,
790 2467 826 2529 ut
838 2463 976 2532 Calenus
992 2469 1083 2532 tutus
1099 2467 1250 2534 euadata
1266 2467 1394 2549 tyranni

265 2583 409 2665 insidiis,
435 2602 534 2667 supra
557 2582 856 2651 demonstrauimus.
885 2584 970 2651 idem
992 2593 1098 2651 autem
1116 2585 1178 2652 tiro
1196 2585 1333 2669 gratiam
1348 2585 1394 2652 fa

265 2702 313 2768 tui
331 2720 390 2769 ouo
408 2702 495 2787 apud
515 2701 662 2770 homines
687 2701 928 2768 conciliaturum
945 2721 981 2770 se
996 2703 1126 2788 putauit
1145 2709 1282 2772 metrum
1303 2705 1393 2772 adhi-

264 2820 369 2888 bendo
394 2821 573 2902 heroicum,
609 2821 727 2905 quippe
752 2840 814 2904 quo
841 2821 982 2906 Sulpicia
1011 2822 1092 2892 alias
1118 2842 1183 2890 non
1205 2843 1266 2892 usa
1297 2828 1393 2893 esset.

264 2939 339 3006 hinc
357 2944 391 3006 et
408 2940 613 3023 uaniloquum
635 2939 717 3007 illud
734 2940 898 3008 exordium
914 2947 977 3024 [uu
998 2944 1112 3025 l—lll
1137 2948 1170 3010 et
1184 2943 1289 3029 ipsam
1304 2945 1392 3012 illam

264 3058 506 3142 inscriptionem
519 3053 696 3127 ‘heroicum
718 3059 877 3143 Sulpiciae
898 3055 1036 3130 carmen‘
1058 3068 1250 3147 repetemus.
