3068 4868
690 340 732 404 13

62 567 69 576 ‚
148 494 286 560 minibus
312 492 449 560 heroicis
479 491 723 575 comparaueris
752 492 833 557 haec
859 489 995 574 singulis
1023 489 1114 558 libris
1136 495 1186 557 tot
1207 491 1275 557 fere

148 631 300 679 uersuum
324 612 494 694 centurias,
517 615 594 695 quot
614 611 671 676 illa
693 611 764 678 sola
786 611 935 692 decadas,
957 608 1105 676 exhibere
1122 611 1275 678 inuenies.

149 736 186 798 ut
200 747 277 798 uero
290 723 429 816 ‘paucis'
446 731 566 814 optime
579 733 690 812 potest
706 729 851 812 optinere
866 729 980 810 locum,
1002 729 1048 796 ita
1063 729 1143 795 illud
1157 724 1274 813 ‘pacis’

149 852 254 934 ipsum
285 870 348 916 non
372 855 460 916 caret
482 849 663 916 offensione.
694 868 783 931 nam,
812 854 849 914 ut
871 854 957 916 recte
979 850 1132 918 obseruat
1154 851 1277 918 Canne-

152 971 291 1054 gieterus
319 970 417 1051 [misc.
441 970 565 1036 obseru.
586 970 633 1036 VI
654 988 684 1051 p.
700 969 763 1035 353
779 973 847 1051 sq.],
878 989 942 1036 non
970 989 1042 1052 pax,
1073 971 1131 1037 sed
1158 969 1276 1037 bellum

151 1091 290 1156 carmine
312 1093 424 1156 nostro
447 1089 619 1170 suadetur;
635 1089 716 1154 uide
736 1106 818 1170 quae
840 1089 1022 1156 notauimus
1045 1091 1087 1156 ad
1105 1110 1158 1157 uu.
1181 1091 1222 1156 62
1246 1094 1278 1156 et

152 1211 202 1276 66.
224 1247 268 1258 -
299 1216 317 1278 3
340 1230 414 1273 nona
438 1208 495 1272 tibi
515 1210 645 1288 secessi,
674 1216 776 1273 tecum
795 1210 970 1292 penetrale
991 1217 1180 1274 retraetans
1202 1231 1278 1275 con-

152 1331 268 1394 siliam.
312 1329 391 1394 haec
411 1323 546 1394 ‘debent
567 1319 721 1393 indicare'
746 1326 857 1394 scribit
877 1327 1010 1395 Boetius
1035 1333 1076 1410 [p.
1094 1329 1134 1394 12
1150 1334 1207 1412 sp]
1230 1325 1278 1396 ‘in

153 1453 311 1514 secretum
333 1448 437 1513 locum
458 1452 563 1512 tecum
586 1465 636 1512 me
659 1446 786 1529 contuli,
808 1452 845 1512 ut
862 1452 967 1514 tecum
987 1448 1068 1514 clam
1090 1467 1202 1516 rursus
1226 1450 1279 1516 de-

102 1577 109 1594 ·
152 1567 329 1634 liberarem.
358 1566 390 1632 in
412 1566 463 1632 his
486 1571 518 1632 et
539 1585 618 1633 usus
640 1565 730 1632 verbi
751 1560 929 1650 ‘tractare’‚
961 1567 1046 1649 quod
1074 1567 1159 1634 redit
1182 1589 1212 1637 u.
1228 1571 1280 1652 29,

150 1667 379 1769 improbandus
396 1690 455 1766 est,
478 1704 548 1750 cum
570 1705 588 1751 e
611 1705 640 1752 u.
658 1687 698 1751 10
713 1703 759 1767 sq.
782 1690 939 1770 appareat
955 1705 1017 1752 non
1033 1691 1108 1754 ante
1121 1690 1279 1771 poetriam

153 1825 223 1872 cum
239 1805 382 1888 Calliope
396 1806 536 1870 locutam
552 1823 633 1887 esse,
655 1809 687 1871 et
703 1804 907 1888 participium
923 1806 1103 1888 praesentis
1125 1811 1279 1892 temporis

153 1945 211 2008 pro
239 1924 345 1991 futuro
375 1926 515 2007 positum
538 1943 609 1991 cum
630 1924 754 2008 legibus
778 1925 934 1991 sermonis
956 1917 1103 2008 pugnat'.
1132 1927 1281 1995 nimirum

153 2044 314 2126 ignorauit
336 2044 484 2126 egregius
505 2044 570 2110 istc
590 2037 724 2125 Heinsii,
746 2043 923 2126 Schraderi‚
945 2044 1159 2128 Peerlkampii
1174 2065 1281 2114 aemu-

154 2165 236 2229 lator
251 2167 307 2229 aut
323 2149 440 2230 Catulli
455 2163 559 2230 locum
575 2163 777 2234 notissimum
795 2164 860 2245 [XL
879 2164 898 2228 9
915 2167 972 2246 sul
987 2157 1072 2230 ‘siue
1088 2168 1178 2232 trans
1195 2168 1280 2235 altas

155 2283 320 2366 gradietur
342 2284 440 2367 Alpes
460 2283 607 2350 Caesaris
629 2283 738 2350 uisens
760 2286 965 2349 monumenta
985 2277 1107 2367 magni’
1130 2292 1187 2352 aut
1202 2287 1282 2355 Uer-

156 2402 223 2485 gilii
244 2403 369 2484 [Georg.
385 2403 433 2468 III
450 2403 512 2469 517
525 2406 582 2485 sp]
597 2397 638 2467 ‘it
653 2402 756 2469 tristis
774 2407 883 2469 arator
897 2408 1090 2469 maerentem
1105 2404 1281 2490 abiungens

154 2521 297 2588 fraterna
318 2527 420 2588 morte
440 2514 633 2604 iuuencum',
654 2522 862 2604 quibus-locis
878 2541 996 2604 prosae
1012 2523 1166 2592 orationis
1182 2529 1282 2610 scrip·

156 2645 244 2706 tores
259 2641 416 2707 dixissent
426 2636 584 2708 ‘uisurus'
602 2645 635 2707 at
647 2634 892 2708 ‘abiuncturus’.
915 2641 1037 2708 scilicet
1051 2648 1167 2725 poetae
1180 2645 1282 2728 latini,

157 2779 219 2842 quo
241 2760 427 2828 uiuidiorem
455 2762 628 2826 redderent
657 2760 843 2842 orationem,
876 2780 938 2828 non
969 2781 1041 2828 raro
1064 2763 1163 2830 uerba
1185 2765 1282 2832 eundi

157 2899 227 2946 cum
249 2879 406 2946 infinitiuo
429 2885 486 2946 aut
501 2880 670 2962 participio
688 2880 842 2963 temporis
861 2881 1043 2963 praesentis
1059 2882 1132 2949 uiae
1149 2883 1282 2952 alicuius
1406 2945 1408 2947 ,

156 2999 354 3083 propositum
377 3000 576 3082 designaturi
592 2999 830 3087 coniunxerunt.
853 3018 955 3083 neque
970 3005 1081 3083 potest
1097 3007 1183 3070 stare
1198 3005 1283 3087 quod

157 3121 301 3187 Batauus
335 3119 447 3186 doctus
482 3118 655 3201 contendit,
684 3112 892 3186 ‘retractans'
928 3120 980 3187 hic
1015 3121 1124 3188 ualere
1153 3117 1283 3189 ‘iterum

157 3231 327 3306 tractans'.a
355 3239 471 3322 quippe
499 3238 587 3304 haud
614 3239 758 3322 ignotum
781 3243 832 3306 est
853 3258 947 3321 quam
971 3257 1070 3322 saepe
1090 3241 1190 3308 uerba
1212 3261 1283 3310 cum

156 3351 217 3424 ‘re’
241 3359 357 3426 uocula
378 3359 557 3442 composita
584 3377 644 3441 pro
672 3357 868 3441 simplicibus
891 3363 1060 3441 ponantur.
1092 3379 1283 3445 quamquam

158 3495 236 3545 sane
256 3478 422 3545 latendum
444 3482 503 3562 est,
531 3479 616 3545 hunc
644 3497 738 3544 nsum
760 3479 901 3544 nondum
924 3479 1101 3563 optinuisse
1124 3481 1285 3563 Sulpiciae

158 3603 274 3665 aetate.
304 3603 444 3665 ceterum
466 3599 508 3665 ad
529 3596 627 3665 verba
649 3592 722 3663 ‘tibi
745 3590 877 3665 secessi‘
909 3597 946 3664 cf.
971 3598 1092 3666 Statius
1122 3601 1284 3680 [AchillI
1331 3663 1333 3668 Α

158 3718 245 3799 654]:
268 3713 341 3784 ‘tibi
355 3737 458 3802 pensa
472 3737 578 3800 manu,
601 3716 658 3783 tibi
680 3716 788 3784 mollia
809 3721 901 3800 gesto
923 3711 1086 3801 tympana'
1105 3723 1138 3785 et
1153 3720 1284 3787 Tacitus

159 3837 243 3916 [dial.
266 3839 285 3902 9
307 3837 385 3920 find:
410 3833 530 3922 ‘poetis
552 3888 583 3904 ..
605 3838 638 3903 in
660 3854 791 3902 nemora
812 3841 844 3904 et
865 3838 963 3919 lucos,
985 3837 1019 3904 id
1042 3839 1147 3906 estin
1170 3839 1283 3908 solitu-

159 3956 265 4038 dinem
281 3959 495 4024 secedendum
512 3951 584 4024 est’.
606 3957 687 4022 illud
702 3949 893 4039 ‘penetrale'
911 3957 1001 4024 ualet
1011 3951 1198 4040 ‘arcanum'‚
1215 3959 1282 4026 scil.

156 4081 290 4158 propter
306 4077 455 4143 miserum
469 4081 648 4160 temporum
666 4081 796 4158 statum,
817 4077 932 4160 quibus
950 4077 1050 4144 libere
1072 4077 1199 4145 dicendi
1220 4096 1284 4144 non

158 4195 263 4263 minus
286 4201 383 4279 atque
401 4198 559 4265 scribendi
573 4195 711 4265 facultas
727 4201 816 4264 esset
832 4198 990 4280 adempta.
1012 4235 1055 4246 -
1076 4196 1160 4262 4—s
1182 4215 1285 4282 quare
