3068 4868
788 343 809 410 8

235 496 390 563 nonnulla
411 496 515 581 ipsius
536 495 670 563 Ausonii
697 501 815 579 poetae
838 496 1071 579 epigrammata
1096 494 1128 560 in
1151 493 1238 560 calce
1259 493 1366 576 operis

236 616 432 697 collocanda,
454 634 536 698 quae
555 615 773 698 superioribus
796 615 888 681 annis
911 614 1170 697 elegantissimus
1192 617 1367 695 1111111-

237 739 305 800 ster
326 733 513 800 neronensis
529 734 683 800 Dominus
700 735 890 805 Franciscus
906 733 1044 800 Nursina
1067 751 1087 798 a
1106 733 1242 798 Secretis
1266 732 1367 798 excel-

237 853 438 921 lentissimae
460 854 627 921 Corneliae
649 853 755 936 gentis
774 853 916 935 Reginae
931 851 1027 934 Cypri
1042 851 1217 918 Mediolani
1236 852 1368 933 inuenit,

238 965 352 1054 meque
380 991 438 1054 pro
461 977 573 1038 mutua
598 971 837 1054 beneuolentia‚
868 990 949 1054 quae
972 989 1097 1036 summa
1119 976 1169 1036 est
1189 971 1273 1037 inter
1298 989 1368 1052 111,

237 1091 302 1157 illis
323 1091 460 1157 libenter
480 1090 666 1174 impertiuit.
708 1091 790 1160 Uolo
811 1091 911 1173 igitur
931 1095 984 1172 ut,
1012 1109 1094 1171 quae
1122 1089 1176 1156 alii
1198 1089 1369 1172 occultant,

239 1210 316 1276 mihi
346 1210 413 1277 sint
444 1227 515 1275 cum
546 1210 693 1277 omnibns
722 1203 917 1277 communia'.
967 1208 1142 1275 Mediolani
1170 1209 1268 1292 igitur
1298 1228 1385 1275 cum

239 1329 377 1415 Nursina
395 1328 627 1412 epigrammata
645 1329 702 1395 illa
717 1349 737 1394 a
751 1347 941 1411 possessore
956 1348 1015 1395 suo
1032 1328 1192 1396 occultata
1207 1327 1369 1394 inuenisse

240 1448 380 1528 dicatur,
415 1446 499 1512 ultro
531 1447 608 1513 mihi
637 1448 777 1531 suspicio
808 1453 880 1514 crta
909 1454 979 1530 est,
1008 1448 1051 1514 in
1071 1447 1200 1530 Georgii
1227 1447 1370 1512 Merulae

153 1653 154 1660 ἵ
239 1566 432 1633 bibliotheca
459 1565 568 1632 furtim
599 1585 638 1632 ea
670 1567 880 1648 descripsisse
908 1567 1070 1634 Nursium.
1101 1585 1164 1650 qua
1194 1585 1265 1633 cum
1296 1584 1371 1632 con-

112 1681 114 1687 ’
240 1685 364 1752 iectura
393 1684 521 1767 egregie
545 1684 623 1752 lacit
650 1685 804 1769 temporis
835 1691 1011 1769 computus.
1043 1706 1118 1753 nam
1147 1687 1201 1770 qui
1230 1705 1258 1752 a.
1288 1687 1370 1752 1496

242 1804 373 1887 scripsit
395 1798 629 1886 ‘superioribus
657 1797 774 1888 annis,
805 1806 910 1888 potuit
937 1807 1078 1889 cogitare
1106 1806 1146 1872 de
1175 1824 1260 1871 anno
1288 1806 1370 1871 1493

241 1923 409 1990 1111494.
438 1922 519 1988 haec
547 1922 645 2006 igitur
664 1925 742 1991 XVI
768 1925 1000 2009 epigrammata
1029 1925 1069 1992 ab
1092 1925 1226 1992 Ausonii
1246 1925 1372 1993 Ueneta

242 2042 317 2110 anni
340 2043 423 2109 1496
445 2042 582 2136 primum
604 2042 744 2110 exhibita
773 2063 843 2110 cum
865 2045 952 2110 lama
971 2044 1070 2110 ferret
1092 2065 1131 2111 ex
1151 2044 1283 2126 Georgii
1305 2045 1372 2110 Me·

241 2164 332 2228 rulae
354 2161 547 2229 bibliotheca
568 2161 708 2245 fluxisse,
730 2163 806 2248 quid
825 2165 939 2230 mirum
962 2170 1012 2230 eat
1030 2165 1098 2230 eius
1119 2164 1167 2230 rei
1183 2181 1372 2231 commemo-

177 2264 183 2272 ’
241 2282 399 2348 rationem
413 2280 529 2348 fecisse
543 2282 728 2349 'Iliadaeum
748 2287 800 2364 ut,
823 2284 1087 2366 quemadmodum
1103 2283 1274 2350 Caruttius'
1289 2287 1373 2349 cete-

242 2400 357 2483 roquin
385 2400 425 2465 de
454 2400 515 2466 hac
537 2401 725 2483 quaestione
755 2402 849 2468 aliter
871 2403 1044 2469 arbitratus
1073 2403 1104 2484 [l.
1118 2402 1139 2468 l.
1161 2422 1192 2485 p.
1210 2404 1261 2484 26]
1292 2401 1374 2468 bene

244 2519 329 2600 dicit,
351 2517 454 2601 primo
477 2537 515 2587 ac
535 2539 612 2586 nero
629 2521 786 2602 repertori
807 2521 864 2587 illa
884 2522 1090 2588 restitueret?
1113 2523 1172 2588 sed
1193 2523 1279 2586 unde
1301 2526 1372 2587 octo

244 2638 490 2722 epigrammata,
520 2657 603 2722 quae
624 2640 762 2707 sedecim
784 2640 849 2708 illis
871 2660 956 2707 noua
978 2641 1109 2723 adiecit,
1130 2641 1289 2723 acceperit
1309 2659 1373 2706 non

242 2759 346 2842 magis
374 2759 522 2840 exposuit
549 2759 719 2826 Thadaeus
749 2778 844 2843 quam
871 2762 956 2826 unde
986 2761 1168 2843 Sulpiciam.
1201 2761 1259 2826 111
1287 2760 1372 2825 hanc

244 2896 370 2962 quoque
392 2875 612 2944 difficultatem
641 2878 754 2945 tollere
782 2897 881 2962 posse
904 2879 980 2945 mihi
1009 2880 1129 2945 uideor.
1164 2884 1238 2947 ante
1266 2877 1373 2944 omnia

244 3001 352 3063 autem
373 2997 545 3062 tenendum
568 3001 633 3080 est,
663 2999 720 3064 Th.
742 2996 871 3081 Ugoleti
898 2997 994 3065 fidem
1020 3003 1110 3064 extra
1136 3017 1261 3065 ornnem
1281 2997 1373 3063 dubi-

245 3117 400 3182 tationem
422 3133 495 3182 1111
523 3117 678 3200 positam,
712 3121 747 3183 ut
775 3117 816 3184 de
846 3136 883 3184 11
904 3121 1067 3200 tamquam
1096 3116 1243 3183 carminis
1271 3117 1373 3182 nostri

245 3241 375 3303 auctore
397 3253 490 3302 nemo
511 3236 594 3303 bene
616 3254 715 3303 sanus
739 3237 937 3320 cogitaturus
959 3237 1010 3303 111.
1042 3237 1151 3318 itaque
1174 3254 1244 3302 cum
1270 3254 1374 3318 neque

245 3355 325 3424 illud
354 3357 496 3422 statuere
525 3355 636 3438 liceat,
666 3375 705 3422 ex
732 3356 858 3424 Ueneta
886 3356 961 3422 anni
990 3356 1072 3422 1498
1101 3354 1273 3438 Sulpiciam
1302 3373 1375 3421 esse

245 3473 416 3557 repetitam
439 3474 488 3554 [11.
503 3475 646 3542 notulam
667 3495 698 3558 p.
715 3477 757 3558 31,
779 3476 1010 3543 consectarium
1029 3479 1089 3557 est,
1110 3495 1148 3541 ex
1164 3475 1246 3541 libro
1269 3475 1374 3557 aliquo

245 3613 321 3662 mss.
344 3613 414 3661 eam
437 3594 613 3678 protulisse
634 3595 816 3678 Ugoletum.
845 3594 993 3679 quicum
1017 3595 1049 3660 in
1070 3594 1270 3677 praefatione
1292 3593 1377 3660 affir-

246 3719 313 3782 met
335 3731 370 3781 se
393 3715 435 3780 ad
456 3713 568 3780 ludum
598 3720 725 3798 septem
751 3715 932 3798 sapientum
962 3720 995 3779 et
1016 3714 1198 3798 catalogum
1222 3712 1377 3780 nobilium

245 3833 371 3899 urbium
403 3834 620 3900 emendandos
652 3852 746 3901 usum
777 3853 850 3901 esse
883 3834 992 3900 codice
1024 3833 1144 3916 optimo
1176 3851 1196 3898 a
1226 3834 1376 3899 Tristano

246 3953 364 4020 (lhalco
394 3951 454 4018 sibi
476 3953 684 4035 suppeditato
713 3971 848 4035 cumque
875 3952 909 4018 in
939 3953 1077 4020 editione
1103 3953 1176 4035 ipsa
1203 3953 1315 4018 ludum
1344 3956 1378 4017 et

249 4071 430 4154 catalogum
451 4070 588 4154 primum
611 4071 769 4155 Sulpicia,
799 4071 915 4138 deinde
937 4072 1169 4155 epigrammata
1195 4071 1252 4137 illa
1271 4071 1378 4136 XXIV

251 4194 442 4275 sequantur,
470 4191 551 4258 haec
573 4191 636 4258 duo
659 4209 785 4275 quoque
806 4191 962 4275 opuscula
982 4211 1021 4258 ex
1041 4190 1113 4274 ipso
1135 4189 1245 4257 Chalci
1271 4190 1379 4256 codice
