3068 4868
715 380 737 447 5

161 529 333 596 Frontonis
356 531 535 614 elegantiae
561 532 682 599 latinae
704 583 832 600 .....
862 553 996 617 quorum
1024 534 1109 601 bona
1137 553 1215 618 pars
1241 536 1293 602 his
1328 507 1334 520 ’

161 649 255 715 1111
277 650 429 730 proximis
452 670 472 717 a
492 670 562 717 meo
580 652 740 735 Municipe
756 653 878 719 Thoma
897 654 1045 720 Phaedro
1067 653 1221 720 bonarum
1243 671 1293 719 ar-

161 769 241 834 tium
263 767 446 852 professore
468 774 518 836 est
539 771 676 837 aduecta
696 773 728 837 in
752 765 879 840 urbem'.

246 887 308 955 Hic
329 907 400 954 111
422 895 706 956 commemorentur
721 893 833 958 eadem
855 910 938 974 quae
955 891 1124 959 Galbiatus
1141 891 1233 958 Bobii
1257 909 1292 957 11

159 1007 319 1088 reperisse
342 1006 491 1073 adfirmat
513 1009 647 1091 scripta,
678 1015 757 1093 puta
779 1011 1004 1077 Terentianum
1026 1012 1173 1078 Maurum
1189 1009 1290 1076 alios-

160 1144 221 1216 que
242 1126 475 1208 grammaticos,
497 1126 575 1192 nihil
593 1127 701 1194 obstat
719 1129 888 1211 quominus
904 1122 1027 1195 ‘multa'
1050 1130 1107 1196 illa
1121 1125 1290 1195 ‘nobilium

160 1245 351 1327 scriptorum
384 1239 560 1312 uolumina³
596 1265 635 1313 ea
667 1247 768 1314 fuisse
800 1252 980 1316 statuamus
1012 1266 1095 1330 quae
1124 1253 1291 1314 enumerat

159 1364 399 1430 Uolaterranus.
425 1357 509 1430 nam¹
522 1367 705 1433 Ludouicus
729 1367 860 1450 Siortia,
883 1387 955 1434 cum
975 1368 1008 1434 in
1022 1336 1202 1451 'priuilegio
1224 1367 1289 1433 isto

161 1501 188 1549 a.
212 1484 295 1549 1496
325 1483 400 1551 dato
424 1479 596 1568 ‘superiori
617 1479 719 1568 1111,
748 1487 870 1569 idest,
901 1507 930 1553 1.
953 1487 1037 1553 1495
1066 1487 1193 1553 codices
1214 1485 1288 1552 illos

158 1609 305 1686 repertos
331 1621 404 1670 esse
433 1603 534 1686 dicat,
566 1611 677 1688 aperte
699 1610 798 1687 errat,
830 1610 1003 1689 propterea
1025 1608 1110 1688 quod
1131 1606 1289 1672 Merulam

157 1723 221 1789 iam
250 1741 362 1790 mense
392 1723 510 1790 Martio
543 1725 618 1790 anni
650 1726 733 1791 1494
761 1730 896 1790 mortem
927 1725 1046 1792 obiisse
1076 1730 1129 1792 sat
1159 1728 1289 1791 constat

158 1842 209 1926 [11.
224 1841 449 1909 liraboschius
467 1842 488 1907 l.
503 1843 524 1908 l.
539 1863 570 1926 p.
588 1845 672 1929 1461.
694 1843 790 1910 tidem
812 1844 910 1927 igitur
924 1844 1099 1912 habeamus
1113 1843 1288 1927 Raphaelis

158 1961 291 2028 editioni
304 1961 439 2044 principi
460 1966 545 2042 (nam
561 1964 757 2045 posteriores
773 1983 891 2030 annum
908 1964 991 2028 1494
1009 1983 1111 2047 praue
1126 1963 1288 2042 exlribant)

158 2099 241 2147 anno
263 2081 346 2147 1493
367 2081 533 2147 inuentum
555 2082 748 2165 adsignanti.
770 2083 847 2165 quid
869 2087 975 2149 autem
997 2085 1084 2166 apud
1104 2083 1289 2149 Uolaterra·

157 2220 232 2266 num
254 2200 315 2266 sibi
336 2199 450 2266 uolunt
471 2200 570 2268 uerba
590 2200 647 2268 illa
669 2197 845 2270 ‘heroicum
868 2203 990 2286 Sulpici
1012 2221 1148 2270 carmen.
1169 2194 1287 2268 LXX'?

156 2325 251 2402 recte,
273 2324 362 2402 puto,
384 2319 445 2385 uiri
467 2320 562 2403 docti,
584 2338 655 2386 cum
678 2322 838 2404 Sulpicius
860 2322 981 2389 heroici
1002 2322 1151 2389 carminis
1174 2327 1288 2388 auctor

156 2440 252 2523 plane
275 2438 318 2506 sit
339 2439 478 2522 ignotus,
493 2433 636 2522 ‘Sulpici'
660 2441 711 2506 uel
734 2443 921 2524 typothetae
944 2441 997 2508 uel
1018 2441 1121 2524 ipsius
1140 2442 1287 2509 Uolater-

157 2561 227 2625 rani
250 2559 345 2643 oulpa
366 2578 405 2624 ex
428 2553 591 2642 ‘Sulpicia'
620 2565 803 2643 corruptum
829 2580 902 2628 esse
924 2565 1116 2628 censuerunt
1135 2567 1286 2666 recteque

160 2651 263 2744 11111
282 2679 371 2746 LXX
392 2699 556 2746 numerum
585 2681 627 2747 aul
649 2680 791 2746 libellum
820 2685 966 2746 nostrum
988 2680 1195 2763 septuaginta
1213 2699 1287 2746 uer·

159 2797 248 2864 sibus
271 2803 471 2865 constantem
493 2799 694 2865 rettulerunt.
717 2818 811 2882 quem
832 2818 997 2866 numerum
1019 2819 1060 2866 na
1082 2800 1124 2893 ad
1146 2799 1179 2866 id
1200 2800 1286 2882 quod

157 2917 301 2999 sequitur
314 2911 567 3002 ‘epigrammata'
590 2919 751 3001 pertinere
765 2925 870 3002 putes,
892 2938 931 2986 ea
947 2939 982 2986 re
1002 2918 1181 3002 prohiberis
1199 2919 1286 3001 quod

155 3037 212 3102 illa
229 3037 334 3103 XXIV
355 3057 486 3104 numero
507 3037 606 3104 fuisse
627 3038 710 3105 inira
732 3038 921 3105 uidebimus.
942 3042 1083 3106 ceterum
1103 3057 1207 3122 11111
1228 3038 1285 3104 ud-

157 3157 256 3222 ducor
279 3160 314 3221 ut
335 3158 463 3224 credam
482 3157 641 3240 Sulpiciae
662 3177 777 3224 uersus
801 3176 838 3224 eo
860 3158 927 3225 fere
949 3157 1042 3224 titulo
1063 3156 1165 3224 fuisse
1186 3157 1286 3240 insig-

156 3275 241 3341 nitos
270 3275 303 3341 in
333 3276 441 3342 codice
470 3276 635 3359 Bobiensi‚
666 3277 792 3360 qualem
823 3278 951 3344 exhibet
976 3275 1152 3359 Raphaelis
1180 3276 1286 3359 index,

157 3393 279 3460 scilicet
292 3395 367 3461 hoc:
381 3391 557 3462 ‘heroicum
574 3396 713 3479 Sulpicia
729 3414 865 3464 carmen.
887 3389 990 3463 LXX'.
1006 3396 1142 3464 111111
1156 3397 1285 3464 demum

156 3513 308 3596 explicari
335 3519 456 3598 111111,
485 3516 643 3599 quomodo
672 3521 827 3583 nontam
853 3517 1003 3584 indoctus
1028 3535 1123 3601 quem
1150 3516 1284 3584 Boetius

155 3638 264 3715 uocat,
286 3653 382 3716 qnam
400 3635 550 3702 inductus
572 3635 693 3702 librarii
714 3635 812 3702 nimia
833 3636 992 3703 breuitate
1014 3635 1118 3702 editor
1139 3636 1283 3704 Uenetus

154 3753 398 3835 imprimendum
429 3755 603 3822 curauerit:
632 3749 807 3838 ‘Sulpiciae
830 3754 978 3822 carmina.
1007 3747 1112 3821 LXX'.
1140 3755 1198 3822 sed
1220 3755 1283 3822 iam

155 3871 327 3939 uidendum
352 3879 402 3940 est
425 3874 594 3942 ducatoris
615 3874 764 3941 editionis
780 3873 925 3942 Uenetae
945 3874 1054 3942 uerbis
1075 3875 1141 3942 his:
1158 3869 1284 3958 ‘Nuper

155 4011 213 4074 per
235 3992 365 4076 Georgii
379 3993 522 4060 Merulae
544 4013 643 4077 opera
663 3995 696 4061 11
710 3994 814 4061 11111
835 3987 939 4061 edita.
962 4014 1032 4062 cum
1049 4001 1155 4062 11111
1176 3995 1283 4078 ipsum

154 4111 312 4176 Merulam
333 4131 494 4194 nunquam
517 4132 644 4180 carmen
666 4115 813 4182 11111111
833 4133 892 4197 pro
914 4107 1079 4198 explorato
1101 4114 1206 4198 possit
1226 4114 1284 4179 ha-

153 4229 271 4312 herib,
290 4231 389 4296 uerba
404 4227 451 4297 ‘in
473 4233 575 4299 lucem
592 4227 685 4300 edita²
708 4253 767 4316 pro
783 4231 830 4300 ‘in
854 4235 957 4300 lucem
974 4227 1072 4301 eruta'
1096 4233 1282 4316 accipienda

154 4337 357 4345 *—

222 4367 248 4435 *)
264 4384 323 4418 nam
339 4371 454 4420 Bootium
470 4373 505 4420 ita
521 4373 708 4421 ratiocinantem
727 4369 762 4436 [p.
775 4372 830 4434 21]=
853 4365 883 4420 'si
901 4371 1034 4435 (Sulpiciae
1051 4372 1127 4420 satira
1144 4385 1159 4420 a
1175 4369 1280 4434 Merula)
