3068 4868
811 354 834 419 4

342 509 407 575 Sed
431 508 513 574 enim
535 527 648 574 reuera
663 505 794 588 Georgii
809 505 952 571 Merulae
969 505 1177 572 Alexandrini
1199 524 1298 589 opera
1318 508 1388 589 plu-

256 629 354 693 rimos
376 627 475 693 libros
502 627 536 693 in
557 626 770 693 bibliothecae
792 623 960 690 Bobiensis
991 625 1116 691 scriniis
1136 625 1303 692 latitantes
1325 625 1388 691 luci

257 765 330 812 esse
351 746 512 827 redditos,
543 745 577 810 id
605 750 696 811 extra
726 763 849 811 omnem
876 743 1108 811 dubitationem
1136 749 1262 826 ponunt
1289 744 1388 811 uerba

256 865 386 949 Georgii
400 864 542 932 Galbiati
559 863 691 930 editioni
706 863 842 946 principi
856 863 1040 930 Terentiani
1055 864 1159 928 Mauri
1175 864 1215 930 ab
1231 883 1268 930 eo
1282 863 1388 932 factae

253 985 434 1068 praemissa
454 985 535 1050 haec
558 983 607 1065 [cl.
630 985 755 1050 Terent.
778 982 879 1049 Maur.
902 983 951 1048 ed.
973 982 1007 1049 G.
1029 983 1225 1066 Lachmann,
1246 1004 1277 1066 p.
1294 985 1386 1065 IIIIJ:

249 1099 335 1171 ‘cum
353 1102 446 1170 Bobii
467 1104 500 1169 in
522 1103 674 1170 coenobio
693 1102 759 1168 diui
776 1101 963 1169 columbani
985 1101 1077 1168 iussu
1094 1104 1302 1170 eruditissimi
1319 1104 1387 1170 Me-

205 1203 207 1207 *
254 1225 346 1290 rulae
368 1223 518 1290 chronica
542 1226 575 1289 et
596 1222 768 1289 (laesarum
793 1221 969 1304 diplomata
991 1222 1187 1305 euoluerem,
1285 1222 1387 1289 multa

254 1343 406 1410 nobilium
435 1343 627 1425 scriptomm
654 1341 831 1440 uolumina¹
846 1339 1014 1426 (reliquiae
1042 1346 1134 1407 erant
1161 1341 1387 1424 Longobardo-

254 1463 339 1545 rum)
362 1481 402 1529 ex
424 1480 550 1529 carcere
569 1466 725 1544 perpetuo
749 1466 782 1526 et
803 1459 945 1527 tenebris
967 1461 1001 1526 in
1022 1460 1126 1526 lucem
1148 1454 1260 1528 eduxi'.
1282 1481 1386 1544 neque

254 1582 436 1664 ambiguum
459 1585 510 1647 est
532 1580 677 1663 quisnam
699 1579 798 1646 luerit
820 1579 874 1645 ille
891 1580 1031 1662 Merula,
1055 1581 1211 1663 siquidem
1231 1581 1265 1646 in
1287 1582 1385 1664 priui-

253 1701 337 1784 legio
356 1719 376 1765 a
392 1700 557 1766 Ludouico
571 1699 675 1766 Maria
690 1699 819 1782 Siortia,
843 1700 924 1765 duce
938 1699 1181 1782 Mediolanensi,
1202 1719 1285 1766 anno
1302 1701 1385 1766 1496

234 1801 330 1886 'dato
354 1823 387 1885 et
408 1818 549 1885 Galbiati
578 1805 769 1902 praefationi
796 1818 975 1901 praemisso
1007 1819 1146 1900 [Lachm.
1168 1840 1200 1903 p.
1217 1821 1275 1900 Ill]
1305 1820 1385 1886 haec

253 1944 378 2005 extant:
406 1933 491 2004 ‘cum
521 1937 678 2021 superiori
712 1956 813 2020 anno,
846 1943 977 2004 auctore
1008 1939 1192 2005 doctissimo
1223 1940 1383 2021 quondam

251 2060 321 2125 uiro
343 2058 472 2125 domino
495 2057 633 2140 Georgia
648 2058 774 2126 Merula
791 2057 1016 2140 Alexandrino,
1039 2058 1197 2140 Georgius
1216 2058 1384 2125 Galbiatus

252 2179 320 2244 eius
343 2176 549 2244 amanuensis
571 2176 730 2243 inuenerit
759 2182 855 2260 atquc
885 2197 924 2242 ex
946 2175 1096 2259 squalore
1126 2181 1159 2244 et
1180 2178 1245 2244 situ
1267 2178 1385 2244 eruerit

252 2316 310 2364 sex
332 2301 503 2363 annotatos
525 2294 610 2363 infra
632 2288 864 2380 grammaticos‘
889 2296 1126 2376 [Terentianum
1151 2297 1273 2364 scilicet
1294 2299 1385 2364 Mau-

252 2437 337 2499 rum,
360 2417 626 2482 Fortunatianum
650 2418 690 2483 de
713 2415 904 2482 carminibus
927 2414 1068 2498 Horatii,
1089 2416 1215 2483 Uelium
1237 2419 1382 2501 Longum

251 2537 293 2602 de
323 2535 568 2620 orthographia,
598 2535 848 2602 Adamantinum
880 2535 920 2601 de
943 2535 1186 2619 orthographia,
1218 2537 1383 2604 catholica

253 2655 364 2737 Probi,
400 2654 537 2720 Cornelii
565 2655 735 2721 Frontonis
770 2654 968 2738 elegantiasl.
1006 2655 1116 2738 itaque
1144 2655 1315 2722 Galbiatus
1345 2676 1383 2722 ex

254 2775 340 2840 omni
362 2793 493 2839 numero
513 2779 677 2841 auotomm
701 2794 721 2841 a
743 2793 778 2841 se
799 2775 1001 2840 inuenturum
1025 2775 1145 2857 scripta
1168 2777 1210 2842 ad
1226 2794 1383 2858 gramma-

253 2895 351 2960 ticam
372 2893 506 2960 latinam
528 2894 710 2977 spectantia
738 2912 819 2976 quae
842 2894 952 2959 ederet
973 2893 1034 2959 sibi
1057 2893 1167 2976 elegit:
1198 2894 1240 2959 de
1267 2894 1381 2960 ceteris

252 3013 317 3080 illis
333 3008 499 3079 ‘nobilium
522 3013 712 3096 scriptorum
734 3005 955 3082 uoluminibus'
979 3017 1067 3079 extat
1082 3011 1299 3078 testimonium
1317 3012 1381 3078 iarn

254 3132 405 3199 amultis
433 3133 466 3198 in
495 3140 605 3214 partes
629 3138 778 3198 uocatum
808 3132 981 3215 Raphaelis
1004 3131 1205 3198 Uolaterrani
1230 3126 1268 3196 'in
1298 3149 1382 3197 com-

253 3252 480 3318 mentariorum
502 3252 695 3318 urbanarum
720 3252 801 3318 libro
824 3257 938 3334 quarto
970 3251 1056 3333 [lolio
1072 3251 1144 3317 LVI
1171 3250 1293 3333 primae
1315 3250 1382 3316 edi-

251 3370 349 3437 tionis
377 3372 542 3438 Romanae
571 3371 768 3452 anni15063
800 3371 839 3437 cf.
861 3371 990 3437 Lachm.
1012 3371 1032 3436 l.
1053 3371 1073 3436 l.
1096 3389 1125 3452 p.
1146 3370 1203 3450 Vl:
1230 3365 1380 3436 ‘Bobium

253 3491 296 3555 ad
310 3489 494 3574 Appennini
506 3489 583 3574 iuga
602 3491 699 3556 situm
721 3489 775 3556 ubi
797 3490 902 3556 nobile
919 3489 1111 3556 Coenobium
1127 3509 1147 3556 a
1161 3489 1381 3556 Theodolinda

252 3608 365 3692 regina
376 3609 645 3692 longobardomm
656 3612 842 3676 extructum.
864 3609 926 3676 Hic
937 3627 1020 3674 anno
1030 3609 1073 3674 M.
1081 3606 1380 3675 GGGCLXXXXMI

251 3726 472 3795 huiuscemodi
493 3729 566 3795 libri
588 3729 709 3812 reperti
733 3733 816 3794 sunt.
866 3729 1004 3794 Rutilius
1028 3728 1271 3794 Naumatianus.
1314 3729 1379 3795 He-

252 3846 372 3913 roicum
387 3846 509 3930 Sulpici
521 3866 659 3913 carmen.
690 3849 785 3914 LXX.
815 3848 1047 3931 epigrammata
1063 3848 1273 3914 Terentianus
1289 3847 1379 3914 Mau-

252 3984 308 4032 rus
330 3965 371 4033 de
392 3966 509 4034 litteris
531 3966 663 4050 syllabis
685 3971 718 4033 et
734 3966 846 4032 metris
865 3968 967 4034 omnis
985 3966 1126 4050 generis:
1149 3966 1276 4034 Casius:
1297 3967 1379 4034 Bas-

253 4103 324 4152 sus:
345 4085 457 4154 Ueluie
479 4087 594 4170 longus
617 4087 657 4152 de
679 4085 924 4169 orthographia:
950 4086 1178 4153 Adamantius:
1204 4086 1378 4170 Martyrios

253 4205 302 4271 de.
330 4205 367 4271 B.
395 4203 505 4273 littera
535 4211 568 4273 et
595 4211 694 4274 muta.
725 4225 755 4272 v.
784 4205 903 4273 uocati:
930 4206 1036 4273 Probi.
1072 4205 1231 4276 catholica
1251 4208 1378 4276 Corneli
