3068 4868
155 532 208 616 agi
228 533 263 598 in
284 533 454 615 propatulo
477 536 545 614 est;
577 499 695 616 quippe
722 533 790 600 eius
819 533 866 599 rei
894 551 1002 598 rumor
1030 533 1096 598 lete
1117 534 1284 618 dispersus

52 741 55 746 Ι
154 652 317 718 homiuum
336 652 573 734 expectationes
595 653 673 719 mire
694 653 897 719 excitauerat.
919 653 978 718 sed
1000 652 1095 718 simul
1116 654 1192 718 iude
1213 653 1285 720 luce

153 771 192 838 fit
213 771 338 852 clarina,
359 771 516 836 Merulam
538 770 689 836 librorum
711 771 838 837 illorum
853 771 1024 838 nonnullos
1044 772 1172 838 domum
1194 791 1286 838 suam

155 890 328 958 abstulisse
357 889 406 970 [cf.
429 894 461 955 et
483 893 552 956 Am.
574 890 714 972 Peyron,
743 890 806 956 Cic.
828 889 940 972 fragm.
963 909 993 973 p.
1016 890 1125 956 Scaur.
1147 909 1178 972 p.
1196 891 1284 969 XXI]

153 1008 260 1093 ibique
281 1007 467 1089 retinuisse,
499 1027 536 1074 eo
559 1009 680 1075 scilicet
702 1009 845 1090 consilio,
876 1014 912 1074 ut
934 1027 1017 1092 quoe
1041 1010 1113 1091 ipse
1134 1009 1286 1092 euulgare

154 1127 292 1192 animum
314 1126 484 1192 induxerat
506 1145 545 1192 ea
573 1147 614 1194 ue
642 1127 723 1194 alius
746 1132 1004 1210 praeoccuparet
1035 1129 1094 1193 sed
1116 1129 1284 1210 quominus

152 1245 223 1328 ipse
246 1245 366 1326 ederet,
386 1251 490 1310 morte
504 1246 685 1328 prohibitus
709 1254 775 1327 est;
797 1266 871 1313 uam
893 1265 956 1312 uuo
971 1265 1091 1328 meuse,
1111 1253 1284 1329 postquam

152 1364 374 1446 respondisset
395 1364 563 1446 Politiauo,
585 1365 670 1431 diem
692 1385 875 1449 supremum
898 1365 984 1432 obiit.
1006 1365 1124 1448 quain
1146 1385 1182 1431 re
1202 1365 1292 1462 illud

153 1484 250 1550 ualde
269 1484 441 1549 dolendum
464 1488 523 1565 est,
545 1485 631 1566 quod
653 1485 694 1550 ad
717 1503 872 1567 quosnam
894 1485 1021 1551 codices
1044 1485 1112 1552 eius
1128 1503 1283 1568 peruene-
1312 1533 1323 1546 .

152 1603 216 1668 rint
236 1602 412 1685 ignoratur.
434 1621 625 1685 quamquam
648 1621 667 1669 a
687 1604 966 1671 uerisimilitudiue
988 1623 1051 1691 non
1074 1605 1171 1687 plane
1192 1602 1283 1670 aber·

151 1742 224 1789 rare
245 1740 303 1789 nos
325 1726 490 1805 putamus,
520 1721 550 1788 si
573 1741 628 1788 eos
650 1723 702 1788 uel
724 1725 767 1790 ad
789 1725 933 1790 Merulae
955 1723 1074 1790 amicos
1102 1725 1171 1789 iure
1192 1721 1282 1788 here-
1325 1709 1329 1718 ¹

151 1842 263 1909 ditatis
286 1840 411 1907 delatos
439 1841 492 1906 uel
513 1843 669 1909 Ludouici
692 1843 845 1926 Sfortiaa
874 1844 964 1912 cuius
987 1843 1139 1926 auspiciis
1168 1859 1282 1908 coeno-

150 1961 236 2029 bium
252 1960 411 2027 Bobiense
432 1960 645 2043 perquisitum
663 1967 759 2044 esset,
779 1962 992 2029 bibliothecae
1007 1965 1147 2036 insertos
1166 1962 1282 2028 asseri-

150 2101 231 2148 mus.
262 2082 322 2148 sed
342 2085 415 2146 utut
435 2080 515 2146 haec
541 2099 594 2148 res
624 2099 660 2147 se
681 2082 795 2164 habet,
826 2082 1003 2149 coniunctis
1023 2081 1227 2148 Uolaterrani
1248 2085 1282 2146 et

153 2201 284 2266 editoris
306 2199 421 2266 Ueneti
441 2200 633 2266 testimoniis
654 2220 718 2266 uon
739 2201 803 2267 iem
825 2203 859 2267 in
882 2201 1012 2267 dubium
1033 2200 1142 2267 uocari
1162 2204 1281 2282 potest,

151 2319 267 2386 lectam
289 2318 391 2386 fuisse
420 2321 452 2384 iu
482 2320 590 2386 codice
620 2321 757 2402 quodam
778 2321 931 2388 Bobieusi
952 2320 1112 2403 Sulpiciae
1139 2320 1283 2402 satiram,

151 2457 221 2505 cum
242 2439 433 2522 praesertim
454 2440 527 2506 leue
557 2457 594 2506 ac
622 2439 771 2507 friuolam
802 2441 846 2507 sit
866 2439 1048 2507 hominibus
1073 2439 1160 2506 nullo
1181 2439 1279 2506 salsa-

150 2559 272 2626 tiouum
294 2558 424 2626 crimine
446 2559 610 2642 oppressis
633 2578 751 2642 negare
771 2558 877 2626 fidem.

235 2677 402 2744 Difficilior
430 2682 480 2744 est
508 2679 653 2760 quaestio
683 2679 723 2746 de
750 2680 859 2746 codice
886 2677 928 2744 ab
955 2677 1095 2761 Ugoletu
1126 2676 1278 2743 adhibito.

151 2815 226 2862 nam
252 2798 487 2864 concedendum
509 2807 559 2864 est
573 2799 695 2879 Boetia,
716 2779 816 2866 uerba
837 2797 879 2864 ad
902 2798 1021 2864 calcem
1038 2795 1187 2864 editionis
1200 2795 1278 2862 Par-

149 2918 269 2984 mensis
298 2917 482 2999 [utsupra]
509 2917 650 2983 adiecta:
675 2912 787 3000 ‘atque
816 2917 924 3001 aliqua
950 2916 1083 2982 Ausonii
1110 2917 1278 2998 Epigram-

149 3041 252 3102 mata:
284 3053 367 3118 quae
395 3035 544 3102 dicuntur
573 3055 592 3102 e
617 3035 812 3104 bibliotheca
832 3035 964 3119 Georgii
984 3033 1192 3102 Alexandrini
1218 3033 1277 3099 flu-

149 3149 242 3223 xisse‘
272 3173 337 3221 non
359 3173 456 3238 posse
479 3155 573 3222 simul
602 3157 644 3221 ad
667 3156 825 3239 Sulpiciae
850 3174 934 3240 quae
955 3154 1120 3238 praecedit
1141 3155 1274 3221 satiram

148 3274 266 3341 reterri.
288 3293 362 3340 uam
380 3294 411 3357 p.
430 3275 560 3342 LXXVb
587 3275 729 3342 eiusdem
751 3274 901 3344 editionis
925 3279 1002 3358 post
1025 3273 1126 3340 uerba
1145 3268 1275 3340 ‘liniunt

149 3393 305 3476 Sulpitiae
328 3387 421 3460 dicta’
443 3393 598 3460 subicitur
611 3389 858 3477 ‘epigrammata
873 3393 1007 3460 Ausonii
1028 3411 1112 3476 quae
1131 3393 1278 3460 feruntur

37 3518 49 3540 ⁸
149 3529 316 3580 emanasse
346 3533 364 3580 e
390 3512 582 3580 bibliotheca
609 3514 740 3596 Georgii
764 3513 973 3581 Alexandrini
998 3513 1068 3582 Uiri
1096 3515 1138 3578 de
1164 3511 1276 3596 lingua

147 3631 249 3698 latina
272 3625 483 3699 Beuemeriti'.
520 3632 656 3699 adsela
683 3633 781 3717 igitur
807 3634 1039 3717 epigrammata
1064 3632 1145 3697 baec
1173 3631 1275 3698 uerba

69 3799 71 3802 -
146 3752 316 3835 pertinent.
359 3771 440 3834 quae
472 3771 528 3818 eur
561 3752 674 3818 addita
705 3753 770 3819 sint
801 3752 943 3819 breuiter
974 3751 1087 3817 dicam.
1131 3752 1270 3818 sedecim

146 3892 185 3938 ex
212 3872 276 3938 illis
305 3871 410 3939 XXIV
441 3871 682 3954 epigrammatis
711 3872 775 3938 iam
803 3871 939 3954 uulgata
967 3875 1043 3939 suut
1072 3870 1105 3936 in
1137 3870 1273 3936 Ausonii

147 3991 286 4058 editione
303 3991 428 4058 Ueneta
449 3991 525 4057 anui
549 3991 641 4072 1496,
662 3992 695 4058 iu
712 3991 801 4058 cuius
816 3991 1017 4074 praefatione
1029 3991 1275 4057 Bartholomeus

105 4189 108 4196 A
147 4111 276 4193 quidam
294 4110 418 4176 Merula
432 4111 574 4177 Auaucio
594 4111 709 4178 editori
729 4112 809 4180 haec
831 4111 955 4178 scribit:
974 4107 1050 4194 ‘ego
1072 4129 1149 4178 uero
1171 4110 1274 4176 eidem

79 4299 84 4310 ,
147 4231 298 4311 [Tacuino
320 4229 523 4313 bibliopolae]
554 4235 612 4296 tua
640 4249 739 4297 causa
766 4230 919 4313 polliceor
945 4249 996 4302 mc
1025 4230 1174 4295 daturum
1199 4246 1274 4294 esse
