3068 4868
665 373 704 444 41

118 536 265 621 potuisse
288 507 470 618 posteriore
486 533 632 613 temporo
653 545 749 611 quam
763 525 819 593 illo
836 526 1014 608 imperante
1031 522 1116 596 lieri:
1146 521 1257 590 certis·

119 652 237 723 simum
261 652 374 736 utique
390 653 615 735 argumentum
635 651 686 718 est
700 665 821 728 sermo,
842 663 905 728 quo
929 642 1128 727 musoriptus
1151 646 1202 716 est
1218 643 1257 714 u-

118 775 234 856 bellus,
257 772 389 838 latinus.
411 770 507 852 longe
526 773 633 837 autem
651 765 755 836 serius
772 783 868 848 quam
885 781 947 847 quo
967 761 1110 845 Sulpicia
1124 762 1258 834 uiuebat

120 912 235 961 aeuum
257 891 349 959 uerbi
373 886 572 960 remuttendi
597 885 820 974 [auterre]
845 901 924 956 usus
944 882 1083 964 redolet,
1113 881 1259 966 oomgtuit

119 1033 182 1080 uox
199 1001 415 1078 ‘constanter'
443 1011 485 1089 [n.
500 1007 548 1088 91,
578 1006 778 1076 demonstrat
801 1003 881 1074 illud
906 1001 1033 1086 priseae
1056 1001 1238 1085 antiquitat

119 1136 268 1199 auctores
294 1126 446 1196 imitandi
470 1125 612 1195 studium
644 1123 890 1194 christianorum
916 1121 1120 1204 potissimum
1146 1126 1259 1205 poeta·

122 1269 193 1319 rum
215 1247 381 1331 proprium
407 1249 449 1326 [ιι.
465 1244 509 1312 50
527 1237 678 1328 ‘pausam
695 1235 796 1324 faeit’]
824 1246 857 1312 et
882 1240 1010 1324 plebeia
1034 1257 1097 1316 uox
1115 1233 1255 1332 ‘palae'

125 1373 166 1451 [ιι.
180 1367 254 1450 43],
285 1365 446 1434 conuiuait
468 1363 606 1446 denique
623 1362 791 1432 Claudiani
807 1360 944 1434 imitatio
967 1360 1085 1442 [u.12t
1115 1363 1258 1434 aeterum

120 1488 205 1554 bena
228 1503 334 1552 meam
360 1482 578 1567 suspicionem
602 1481 730 1552 munere
756 1481 831 1554 litet
855 1480 979 1564 antiqui
1003 1471 1144 1554 aarum
1166 1479 1258 1552 resu-

121 1606 236 1673 monio.
278 1602 469 1686 Fulgentius
498 1601 582 1672 enim
607 1601 642 1672 ia
666 1601 934 1688 mythologiarum
955 1599 1156 1684 praefatione
1177 1599 1259 1672 baec

122 1724 247 1792 scribit:
271 1717 361 1790 ‘lieet
383 1721 554 1794 mulierum
579 1720 763 1790 uerbmibus
788 1719 883 1790 anob
906 1723 940 1790 at
965 1718 1259 1792 mortuitatem

125 1861 185 1909 nee
209 1839 411 1925 grammatici
432 1839 586 1920 mutant,
616 1839 727 1910 rhetor
753 1843 861 1910 taoeat
886 1844 920 1910 et
944 1837 1115 1910 clamorem
1140 1855 1257 1922 praeeo

126 1963 330 2044 compescat:
369 1958 442 2027 sole
466 1962 518 2026 est
538 1977 622 2042 quae
647 1959 776 2028 modum
799 1959 936 2047 imponit
956 1955 1152 2040 iurantibus,
1182 1957 1260 2030 lieet

122 2079 323 2148 Petroniana
346 2075 432 2146 subit
456 2077 598 2147 Albulia
627 2077 690 2148 bae
714 2076 830 2148 etenim
854 2077 1018 2150 alludente
1041 2081 1074 2149 et
1088 2077 1260 2150 Plautinae

124 2199 267 2267 Saureae
287 2196 473 2266 dominatus
491 2196 651 2266 obdormit
669 2202 703 2266 et
722 2195 906 2279 Sulpieillee
922 2196 1128 2268 Antonianae
1150 2197 1262 2280 loqua-

126 2319 209 2386 citas
236 2316 363 2402 deperit
387 2315 657 2400 Salustianaeque
680 2315 904 2399 Semproniae,
935 2315 1082 2400 quamuis
1103 2335 1259 2400 praeseus
1368 2373 1372 2379 .

125 2436 345 2518 altcarius,
373 2434 475 2504 melos
499 2435 643 2506 cantanti
665 2429 850 2506 rauoesait'.
884 2436 938 2506 bia
961 2435 995 2506 in
1018 2435 1126 2508 uerbis
1143 2430 1262 2519 ‘neque

124 2555 311 2640 Sulpieillae
327 2555 534 2626 Antonianae
555 2547 746 2637 loquacitos'
774 2551 878 2639 nulla,
907 2560 944 2626 ut
964 2556 1043 2627 mibi
1059 2557 1188 2638 roganti
1205 2555 1259 2626 be-

123 2676 238 2745 neuole
265 2673 440 2744 affirmauit
462 2673 497 2742 0.
517 2672 712 2756 Bursianus,
740 2675 775 2742 in
802 2674 965 2746 eodieibua
992 2674 1175 2748 differentia
1198 2678 1258 2756 est.

124 2793 188 2864 nisi
215 2795 302 2877 quod
327 2793 632 2876 Moutepaosulanus
657 2813 759 2876 prauo
780 2787 987 2868 ‘ausoniam’
1011 2793 1148 2868 exbibet.
1186 2813 1259 2866 eum

127 2919 235 2982 autem
254 2911 420 2996 Srulpirilla
435 2913 593 2995 quaedam
606 2915 642 2982 iu
660 2913 797 2982 Ausonii
814 2913 965 2997 operibtm
986 2932 1051 2986 uon
1072 2931 1259 2986 oommemo·
1299 2988 1301 2991 ,

125 3033 269 3115 retur*),
290 3026 529 3100 Heinsiua‘sua
542 3032 693 3102 Bissulae
706 3021 927 3104 Ausonianae'
949 3033 1133 3104 emendant
1149 3033 1260 3106 aimul-

126 3169 189 3234 que
217 3170 341 3218 omnem
368 3150 521 3218 orationis
546 3151 807 3242 aequabilitatem
830 3152 971 3219 sustulit.
1002 3170 1061 3219 noa
1084 3152 1138 3235 qui
1159 3151 1258 3236 probe

128 3274 293 3352 muamus,
322 3269 480 3354 sulpiciae
503 3288 619 3337 uersus
638 3290 677 3338 ex
695 3271 830 3338 Ausonii
849 3271 988 3355 quodum
1005 3271 1114 3338 codiee
1128 3270 1260 3338 fluxisse

23 3455 25 3484 Ι
129 3389 178 3470 [ei.
198 3406 298 3471 supra
320 3408 352 3471 p.
367 3389 416 3471 91,
444 3388 510 3455 iam
533 3389 665 3473 antiquo
691 3394 836 3473 tempora
861 3390 935 3457 illos
951 3390 1086 3459 Ausonii
1108 3389 1259 3474 operibus

23 3537 25 3588 ;
129 3507 273 3574 adnexos
289 3505 391 3573 fuisse
407 3510 596 3575 statuemus.
637 3507 807 3592 Fulgentio
828 3509 942 3593 igitur,
973 3509 1028 3593 qui
1049 3509 1260 3577 deminutiuo

127 3645 198 3693 rum
224 3642 334 3691 amore
357 3625 454 3692 nimio
468 3625 609 3710 flagrans
628 3628 729 3695 altero
750 3647 877 3712 quoque
892 3628 963 3696 loeo
984 3630 1093 3714 [myth.
1107 3630 1124 3696 I
1138 3648 1170 3712 p.
1183 3625 1258 3711 598]

128 3743 301 3829 Sulpiciam
320 3761 341 3810 a
356 3744 505 3812 Martiale
520 3746 685 3813 laudatam
705 3747 902 3830 Sulpicillam
917 3752 1027 3830 uorat,
1056 3748 1152 3816 huius
1169 3748 1261 3816 libel·

127 3865 194 3930 lum
211 3865 244 3930 in
259 3863 447 3932 Ausoniano
464 3865 572 3933 codiee
589 3884 610 3932 a
632 3884 668 3932 se
691 3871 853 3950 repertum
869 3866 932 3951 ipsi
946 3867 1091 3935 Ausonio
1107 3867 1261 3936 tribuenti
1337 3870 1343 3879 '

194 4034 220 4100 ⁴)
237 4049 297 4085 nam
313 4035 472 4098 mantiam
495 4036 528 4085 ari
545 4036 650 4088 Ausonii
672 4039 750 4088 uerba
766 4039 830 4090 haee
853 4039 1136 4105 [p.ttted.1³tponr.]
1155 4032 1261 4101 ‘prurire

130 4139 277 4201 opuseulum
295 4137 436 4200 Sulpioiae,
462 4140 569 4190 frontem
587 4133 718 4202 oeperam’
736 4141 813 4206 (quae
829 4142 932 4193 Iahnius
948 4141 975 4190 in
992 4142 1140 4192 estimoniis
1157 4143 1189 4192 ‹ie
1206 4141 1260 4190 Sul·

127 4239 194 4304 pisia
210 4241 299 4290 aliem
317 4239 410 4308 omisit)
428 4243 498 4292 nullo
514 4242 589 4292 morlo
605 4257 680 4306 porea
695 4247 824 4308 spectaro,
842 4244 907 4298 ultro
925 4249 1036 4307 apparat.

1032 4353 1051 4409 4
