3068 4868
836 342 879 409 30

297 492 484 577 Capitolino
506 494 608 558 rcelrrti
631 493 783 558 turbante
811 492 949 560 Crrmc'llo
973 496 1100 561 ensibus
1123 504 1154 561 et
1179 499 1304 562 turatino
1329 499 1420 562 Gall·

289 611 567 697 (ingeneratum,
598 615 645 678 sic
669 615 775 676 nesure·
799 615 921 697 palare
949 636 1040 680 senes
1065 616 1219 680 dicuntur·
1242 624 1274 682 et
1298 619 1362 701 ipsi
1383 627 1418 681 nt

288 731 401 816 ferale
422 753 498 796 suos
515 753 595 797 ontis
612 735 785 816 extirpare
807 733 957 798 libellos·
987 735 1030 800 M.
1046 733 1174 816 Manlii,
1202 754 1266 800 non
1286 734 1418 818 Camilli,

290 851 391 917 fuisse
412 850 494 918 illud
509 849 679 933 Capitolini
698 869 887 934 cognomen,
916 871 1021 918 rerum
1038 854 1253 919 Romanarum
1270 859 1417 921 auctores

291 970 502 1036 consentiunt.
524 970 633 1052 itaque
648 989 718 1036 cum
731 971 764 1038 ia
775 971 911 1038 historia
924 972 1092 1038 notissima
1103 971 1276 1055 Sulpiciam
1291 991 1417 1040 errasse

290 1109 403 1173 parum
418 1090 581 1156 uideretur
597 1090 756 1172 credibile,
776 1085 1103 1174 uocem‘Capitolino’
1121 1093 1318 1158 emendando
1333 1111 1418 1158 surn-

290 1209 463 1276 mouebaut
479 1209 540 1275 uiri
557 1210 651 1276 docti.
682 1215 718 1276 at
733 1211 815 1276 enim
835 1228 903 1293 ego,
926 1229 1001 1276 nuru
1018 1210 1148 1276 librario
1164 1230 1205 1277 an
1224 1212 1343 1277 auctori
1359 1212 1417 1278 tri-

289 1328 385 1394 buam
405 1348 559 1410 errorem,
590 1329 694 1396 adhuc
712 1329 827 1396 dubius
845 1330 978 1410 haereo,
1007 1330 1125 1412 quippe
1142 1331 1196 1412 qui
1214 1349 1310 1412 quam
1326 1330 1415 1397 leues

209 1505 212 1510 ,
288 1448 320 1513 in
343 1448 439 1514 rebus
463 1448 624 1514 historicis
648 1449 855 1532 quamquain
875 1453 1008 1532 peccata
1033 1450 1084 1515 uel
1105 1450 1214 1532 pueris
1234 1449 1417 1544 uostrisin-

290 1567 453 1650 dignanda
478 1569 630 1650 propensi
654 1567 772 1634 fuerint
795 1572 938 1634 ueterum
962 1567 1104 1634 nonnulli
1133 1570 1195 1651 (ex.
1221 1588 1267 1651 gr.
1293 1567 1417 1652 Florus,

289 1685 460 1752 historicus
482 1684 680 1769 confessus),
710 1687 810 1769 probe
832 1687 939 1754 sciam.
970 1688 1011 1754 de
1032 1707 1063 1752 u.
1074 1687 1114 1752 41
1134 1687 1224 1753 initio
1241 1687 1288 1754 ita
1303 1689 1416 1755 rectis-

290 1805 370 1872 sime
397 1806 529 1872 Bootius
560 1810 600 1889 [p.
619 1807 686 1887 111:
716 1800 842 1873 ‘Gallos
870 1805 994 1888 fugisse
1022 1806 1149 1872 ‘ensibus
1177 1806 1313 1890 relictis,
1343 1825 1414 1873 cum

288 1930 420 2010 propter
433 1925 589 2008 pluralem
604 1945 770 1994 numerum
787 1925 828 1990 ad
845 1944 953 1992 ensem
966 1926 1084 1991 Breuni
1096 1925 1207 1992 referri
1222 1945 1285 1992 non
1301 1927 1415 2009 possit,

288 2051 355 2112 tam
378 2046 528 2112 abhorret
551 2063 571 2110 a
590 2045 740 2127 veritate,
771 2045 824 2109 uix
846 2017 883 2110 ul
902 2045 1054 2111 mediocri
1077 2050 1194 2128 poetae
1218 2045 1338 2112 saeculi
1355 2047 1415 2112 XV

287 2165 384 2232 tribui
398 2165 512 2248 possit.
533 2165 608 2230 hinc
621 2169 796 2247 praeeunte
811 2164 990 2231 Schwarzio
1006 2164 1098 2230 multi
1114 2166 1251 2248 probant
1267 2165 1414 2230 lanatus
1521 2215 1522 2218 ,

286 2304 345 2367 pro
358 2283 495 2363 ensibus,
514 2284 599 2366 quod
614 2288 721 2350 tamen
733 2288 865 2366 propter
876 2285 1022 2351 additum
1040 2292 1071 2348 et
1087 2275 1209 2348 nunno
1224 2302 1288 2384 non
1299 2285 1414 2367 placet.

286 2404 388 2488 magis
404 2403 563 2486 poeticum
580 2402 700 2485 iudico,
730 2404 815 2486 quod
832 2403 982 2470 Withofio
1000 2403 1186 2471 inurentem
1204 2404 1292 2472 uenit
1311 2406 1413 2468 censi-

285 2525 361 2603 tus,
390 2541 452 2606 quo
469 2522 595 2589 nomine
612 2541 724 2588 aunum
740 2543 760 2588 a
775 2522 927 2589 Romanis
947 2542 1124 2606 appensum
1143 2510 1414 2605 recte'designari
1520 2527 1521 2574 ἒ

285 2635 437 2727 poterat‘,
467 2660 657 2726 quamquam
681 2641 802 2709 saeculi
818 2643 878 2710 XV
900 2647 1028 2726 poetam
1045 2661 1138 2726 quem
1160 2642 1252 2708 finxit
1273 2642 1412 2708 libenter

287 2765 316 2830 ci
333 2765 497 2830 donamus.
520 2762 563 2829 ad
580 2755 851 2830 uerba‘censibus
869 2766 902 2828 ct
917 2762 1038 2828 trutina
1052 2755 1174 2829 relicta'
1195 2761 1232 2828 cf.
1247 2761 1412 2844 Uergilius

288 2886 377 2964 [Aen.
391 2883 407 2948 Ι
424 2882 498 2962 553]
512 2876 622 2976 fsociis
640 2886 672 2948 et
686 2901 762 2964 rege
779 2874 931 2965 recepto’.
959 2901 989 2948 u
1002 2881 1044 2948 42
1057 2875 1185 2965 ‘palari'
1203 2881 1292 2948 uerbi
1307 2880 1413 2947 forma
1519 2887 1520 2900 ¹

285 3003 393 3069 aetina
409 3003 442 3068 in
458 3001 504 3068 eis
523 3001 577 3086 qui
594 3005 732 3068 aetatem
749 3001 892 3068 tulerunt
908 3001 1091 3069 auctoribus
1105 3001 1258 3068 Romanis
1275 3019 1338 3066 uon
1357 3019 1412 3066 oc-

284 3123 395 3204 currit,
426 3122 485 3190 sed
506 3122 640 3188 eandem
659 3121 770 3204 populi
790 3140 853 3188 usu
875 3120 977 3188 fuisse
994 3122 1117 3203 tritam,
1148 3122 1265 3188 docent
1280 3121 1414 3204 glossae

284 3246 410 3309 ueteres
424 3242 488 3310 iam
503 3240 677 3308 acaruttio
692 3241 820 3308 adlatae
834 3241 920 3324 apud
933 3241 1053 3308 Maium
1071 3241 1184 3322 [Class.
1197 3245 1282 3307 auct
1296 3245 1319 3306 t.
1329 3240 1413 3308 VIII

282 3381 314 3445 p.
329 3361 419 3442 4181:
442 3355 557 3446 ‘pelo‚
587 3352 719 3446 uagare'
742 3365 775 3427 et
796 3365 837 3443 [p.
852 3362 927 3441 471]
946 3356 1100 3444 ίριιῐανε,
1122 3379 1257 3443 negare,
1279 3351 1413 3426 errare'.
1518 3427 1519 3432 ,

283 3481 368 3547 omui
387 3485 493 3548 autem
516 3485 660 3564 tempore
678 3481 893 3563 suspicionem
910 3478 987 3546 mihi
1003 3479 1104 3547 mouit
1120 3480 1199 3546 illud
1216 3474 1343 3562 ‘palare
1361 3478 1414 3544 di·
1518 3449 1519 3498 l

283 3593 418 3667 cuntur’.
448 3601 514 3668 seio
529 3604 642 3683 poetas
658 3601 820 3668 Romanos
836 3599 924 3666 haud
939 3618 1013 3666 raro
1032 3591 1184 3680 ‘dicitur',
1205 3590 1343 3680 ‘fertur’,
1366 3597 1415 3664 si-

282 3720 370 3788 milia
385 3740 443 3804 per
456 3720 611 3788 sermonis
625 3719 784 3803 quandam
800 3719 1030 3786 abundantiam
1044 3718 1088 3784 ibi
1104 3737 1174 3784 cum
1187 3717 1286 3784 uerbo
1300 3716 1413 3800 aliquo
1517 3805 1518 3810 Ἰ

281 3840 482 3923 coniungere,
504 3840 558 3906 ubi
577 3838 682 3906 lamae
698 3839 750 3906 uel
765 3839 901 3905 rumoris
918 3838 1008 3904 nulla
1026 3841 1096 3904 erat
1110 3838 1193 3903 ratio
1209 3837 1413 3920 simplexque
1517 3832 1518 3840 ’

280 3959 429 4040 uerbum,
459 3963 496 4025 ut
514 3957 567 4023 hic
582 3951 731 4041 ‘palaut'‚
762 3957 941 4023 sufficiebat
956 3957 1008 4040 [cl.
1024 3956 1233 4024 Marklandus
1251 3956 1292 4023 ad
1309 3955 1413 4022 Statii

281 4079 392 4148 siluv
409 4079 436 4159 1,
451 4077 514 4162 33].
536 4075 570 4141 iu
582 4075 741 4160 Sulpiciae
755 4081 862 4143 tamen
873 4075 981 4142 uerbis
992 4076 1028 4142 id
1038 4077 1186 4142 desidero
1198 4093 1260 4157 quo
1272 4083 1413 4140 coactos

279 4195 488 4282 philosophos
513 4214 640 4264 errasse
664 4194 877 4278 significetur,
907 4195 1173 4278 quemadmodum
1197 4194 1303 4304 etiam·
1320 4193 1414 4264 Galli
1516 4196 1517 4212 ³
