3068 4868
674 367 714 433 19

124 520 200 586 hinc
222 524 255 586 et
275 519 425 587 Ualerius
448 519 582 586 Flaccus
606 522 692 604 [Arg.
714 521 731 586 Ι
751 520 815 586 498
831 527 929 624 sqq.]:

234 643 349 702 siderea
370 647 441 702 tune
462 661 531 704 arce
552 647 638 720 pater
657 643 859 721 pulcherrima
881 642 1005 704 Graium

235 767 340 838 coepta
360 766 447 821 tuens
469 767 643 844 tantamque
666 763 766 841 operis
789 782 969 840 consurgere
991 762 1101 823 molem

232 881 375 954 laetatum
395 883 491 958 patrii
509 902 607 962 neque
629 883 709 942 enim
731 885 840 960 probat
863 885 924 942 otiu
946 884 1042 960 regni.

127 995 207 1062 haec
228 996 328 1079 probe
349 998 562 1080 perpendenti
580 998 750 1081 apparebit
765 1017 860 1083 quam
876 1003 963 1064 recte
978 992 1100 1082 ‘patria
1114 989 1258 1064 saecula'

126 1117 168 1181 ad
184 1115 314 1181 Saturni
335 1127 468 1198 regnum
489 1117 677 1182 referantur.
701 1117 838 1200 etmihi,
859 1137 970 1185 uerum
992 1121 1030 1183 ut
1050 1117 1164 1198 fatear,
1186 1135 1257 1183 cum

127 1234 195 1301 sale
216 1235 357 1316 quodam
378 1253 416 1301 ac
437 1235 547 1317 lepore
569 1235 801 1320 interrogatum
823 1237 967 1303 uidetur:
990 1230 1105 1321 ‘puter’
1127 1236 1259 1302 deorum

125 1354 223 1420 terris
250 1356 368 1437 pauiu
395 1355 525 1420 saecula
546 1348 687 1423 reddit‘l'
720 1357 784 1422 iam
812 1355 891 1423 illud
919 1353 1166 1438 disceptandum
1197 1360 1259 1436 est,

128 1473 212 1538 sitne
233 1471 367 1538 latinum
390 1473 455 1540 tale
472 1469 590 1540 ‘terras
614 1482 644 1539 et
666 1475 773 1557 patria
795 1474 926 1542 saecula
946 1465 1075 1541 mutat'.
1099 1473 1184 1558 quod
1200 1492 1261 1556 ego

127 1590 279 1658 acerrime
300 1610 398 1675 nego:
420 1611 493 1658 nam
510 1595 591 1660 duas
607 1613 670 1676 rea,
693 1613 827 1677 quarum
850 1595 953 1662 altera
973 1593 1134 1674 uolubilis,
1158 1593 1262 1660 altera

125 1710 226 1792 firma,
249 1712 330 1778 haec
351 1712 536 1794 praeterita,
558 1712 615 1779 illa
630 1732 786 1795 praesens
804 1719 862 1798 est,
884 1715 969 1781 inter
984 1732 1020 1780 se
1034 1716 1161 1779 mutare
1176 1712 1260 1779 uelle

127 1829 254 1896 omnino
284 1831 446 1897 dementia
474 1837 534 1897 est.
566 1832 651 1898 idem
673 1831 741 1899 fere
763 1834 849 1900 cadit
877 1833 911 1899 in
932 1831 1059 1898 Heinsii
1081 1836 1114 1898 et
1136 1832 1260 1898 Brouk-

127 1949 214 2014 husii
237 1949 451 2016 coniecturam
473 1946 519 2016 ‘in
542 1953 650 2034 patria
672 1945 818 2021 saecule'.
848 1952 931 2018 bene
953 1955 1103 2034 recteque
1125 1952 1173 2018 sic
1193 1951 1262 2019 iere
1372 1955 1375 1964 ’

128 2087 169 2134 ex
196 2072 335 2150 patrona
361 2088 421 2136 sua
449 2070 555 2153 potuit
583 2089 737 2154 quaerere
764 2075 906 2154 poetria:
936 2089 1012 2137 num
1038 2069 1185 2153 Iuppiter
1214 2070 1261 2136 ita

126 2191 231 2254 terras
252 2187 396 2271 mutabit,
419 2195 455 2256 ut
472 2191 656 2256 Saturnium
677 2209 794 2256 aeuum
816 2191 909 2275 quasi
930 2190 1068 2257 rediisse
1089 2189 1263 2256 uideatur?

127 2306 198 2389 lege
220 2301 280 2371 ‘ud
300 2309 407 2390 patria
429 2301 583 2376 saecula'.
614 2329 688 2376 nam
704 2303 773 2377 ‘ad’
798 2315 849 2377 est
865 2303 1071 2391 ‘seeundum
1093 2300 1261 2391 exemplo'‚

129 2427 395 2507 quemadmodum
431 2430 547 2495 docent
578 2429 689 2496 lexica.
726 2450 756 2497 ιι.
780 2430 822 2496 14
849 2420 1089 2496 ‘morientibus'
1121 2432 1209 2494 recte
1227 2444 1260 2494 a

127 2545 237 2612 multis
256 2551 475 2629 suspectatum
493 2552 550 2614 est.
575 2548 629 2631 qui
649 2547 871 2632 defendemnt
893 2553 949 2616 aut
967 2567 1026 2631 pro
1041 2539 1261 2614 ‘mortalibus'

128 2668 192 2746 aut
214 2670 251 2730 ut
272 2667 474 2732 Burmannus
497 2672 530 2733 et
551 2666 804 2750 Wemsdorfius‚
825 2686 884 2750 pro
900 2662 1005 2734 ‘breui
1025 2665 1195 2750 perituris,
1216 2667 1259 2732 ad

128 2787 263 2849 mortem
286 2783 412 2850 afflictis
436 2789 469 2851 et
490 2786 550 2852 sub
574 2790 709 2870 tyranno
727 2787 758 2853 in
777 2790 934 2870 perpetuo
953 2786 1066 2853 mortis
1083 2789 1171 2852 metu
1187 2804 1259 2853 uer-

129 2895 287 2968 santibus’
319 2903 400 2984 [coll.
428 2904 555 2972 Patron.
578 2924 603 2972 c.
621 2906 674 2988 98]
705 2910 915 2990 acceperunt,
944 2923 1079 2988 quorum
1107 2904 1187 2973 illud
1217 2905 1258 2972 ab

128 3021 214 3087 omni
223 3022 392 3107 latinitate
406 3024 468 3090 hoc
483 3024 574 3091 aloci
589 3026 753 3093 sententia
768 3026 927 3092 abhorret.
950 3024 1044 3092 uideo
1057 3025 1139 3091 duas
1153 3025 1258 3092 adhuc

126 3146 252 3210 restare
273 3141 430 3224 rationes,
460 3143 575 3226 quibus
596 3146 702 3227 possit
729 3145 882 3228 explicari
908 3143 989 3211 illud
1010 3135 1258 3236 morientibus.

128 3261 213 3342 qued
236 3278 306 3327 cum
328 3279 407 3329 uoce
421 3255 538 3329 ‘dedit’
561 3264 704 3331 iunctum
725 3265 834 3347 possis
857 3264 1003 3348 accipere
1024 3282 1083 3346 pro
1099 3256 1258 3354 ‘marcen-

127 3372 238 3462 tibus',
258 3385 296 3445 ut
316 3380 399 3449 iufra
421 3401 451 3447 u.
466 3381 509 3448 56
524 3376 651 3449 ‘somno
668 3383 846 3452 moriuntur
862 3374 975 3450 obeso’
991 3382 1118 3467 legitur.
1141 3386 1176 3448 at
1192 3381 1259 3455 illic

61 3523 69 3536 ·
126 3499 174 3564 rei
195 3497 425 3566 incrementum
449 3505 620 3581 [nostrumz
643 3502 903 3584 dahinsterben]‚
926 3505 1037 3570 nostro
1060 3501 1130 3568 loco
1153 3505 1263 3580 status¹

128 3621 234 3684 certus
266 3622 299 3684 et
326 3619 476 3704 perennis
507 3620 705 3704 designatur.
739 3621 789 3687 sin
819 3626 927 3691 autem
949 3613 1186 3688 ‘morientibus'
1216 3620 1259 3688 ad

128 3729 252 3819 ‘eripit'
275 3737 412 3805 relatum
433 3739 653 3822 interpreteris
668 3734 720 3805 ‘ut
735 3740 810 3806 inde
831 3739 975 3808 morituri
997 3731 1122 3824 simus',
1143 3757 1259 3806 uereor

128 3875 169 3922 ne
186 3857 289 3939 magis
306 3857 440 3925 latinum
458 3859 501 3924 sit
515 3851 717 3926 ‘morituris'.
744 3859 853 3942 itaque
875 3859 931 3928 alii
952 3858 1018 3928 alia
1039 3858 1258 3928 coniecerunt:

127 3993 188 4042 nos
203 3975 338 4058 Uergilii
360 3977 402 4042 de
416 3978 494 4044 Ioue
515 3983 602 4045 artes
625 3977 721 4045 terris
743 3979 884 4045 donante
905 3978 1005 4046 uerba
1027 3997 1127 4062 supra
1148 3979 1259 4044 adlata

121 4088 196 4160 ‘nee
218 4099 347 4178 torpere
368 4096 460 4180 graui
481 4115 600 4180 passus
619 4116 679 4164 sua
693 4115 796 4180 regna
810 4090 955 4164 uetemc’
972 4116 1081 4165 ueram
1097 4095 1258 4179 Sulpiciae

127 4231 257 4280 manum
286 4214 439 4284 docuere:
465 4209 624 4298 ‘quasque
653 4216 743 4283 dedit
771 4217 932 4299 quondam
961 4206 1187 4301 torpeutidus',
1215 4213 1259 4292 ad

1004 4331 1056 4400 2*
