3068 4868
844 339 884 406 16

296 490 405 555 mauni
426 489 524 572 igitur
545 494 756 556 commentum
777 489 1022 572 improbandum
1040 497 1098 560 cst.
1129 493 1192 560 iam
1208 496 1250 560 ad
1265 489 1422 561 ‘caetero'

296 609 394 691 uulgo
417 608 668 690 subintelleguut
683 603 862 676 ‘carmina‘.
890 611 958 693 sed,
980 611 1013 676 di
1035 612 1119 694 boui,
1142 614 1256 695 ecquid
1278 615 1355 679 noui
1376 620 1426 680 est

297 731 458 793 auctorem
481 727 618 809 aliquem
640 746 727 794 noua
748 728 870 811 scripta
892 731 1100 798 meditantem
1123 732 1270 799 omittere
1291 737 1425 800 uetera?

297 846 529 913 sententiarum
551 865 703 913 conexum
725 847 873 931 intuenti,
895 850 972 932 quid
989 851 1115 934 poetria
1137 852 1312 935 scripserit,
1332 851 1425 918 facile

297 964 474 1047 apparebit.
508 964 633 1032 dixerat
662 985 792 1051 nempe,
822 985 858 1034 se
886 988 972 1036 nunc
999 969 1130 1038 breuem
1158 971 1299 1038 fabulam
1328 991 1425 1038 uersu

296 1085 481 1151 hexametro
503 1085 665 1171 Calliopae
694 1105 766 1154 esse
795 1093 996 1156 narraturam
1023 1091 1158 1174 ideoque
1185 1110 1243 1157 nec
1269 1092 1426 1158 hendeca-

297 1203 421 1287 syllabo
443 1224 502 1272 uec
525 1212 675 1273 scazoute
696 1225 755 1272 uec
777 1207 992 1289 hipponacteo
1014 1217 1115 1277 metro
1138 1229 1278 1278 usuram.
1310 1213 1426 1293 quodsi

297 1324 418 1408 pergit:
440 1325 496 1392 illa
518 1327 614 1392 etiam
638 1344 657 1391 a
680 1344 730 1390 me
752 1326 856 1408 prime
870 1327 965 1392 Latio
987 1327 1088 1394 inlata
1109 1331 1231 1412 omitto,
1253 1349 1359 1397 noune
1373 1331 1427 1396 hic

297 1444 1427 1526 mmmmmmwmmfflmm

297 1564 408 1645 tentia,
431 1581 526 1644 quam
548 1561 625 1627 mihi
648 1561 774 1642 quidem
798 1566 910 1642 aperte
927 1562 1010 1626 uelle
1027 1562 1157 1628 uidetur
1173 1565 1321 1648 Sulpicia,
1343 1569 1428 1635 male
1499 1641 1500 1654 ,

298 1685 524 1764 expresserat,
546 1697 638 1744 nemo
660 1697 743 1744 unus
767 1697 837 1744 cum
860 1681 900 1745 de
922 1679 1032 1746 metris
1050 1681 1103 1762 agi
1117 1681 1293 1766 intellegat.
1315 1686 1427 1768 itaque

298 1819 357 1882 ego
379 1801 411 1865 iu
433 1782 512 1865 uoce
527 1791 681 1865 ‘caetera'
705 1798 815 1863 uitium
840 1799 992 1866 odoratus
1014 1802 1164 1866 reuocaui
1184 1797 1277 1868 ‘haec
1300 1798 1427 1872 metra.
1499 1787 1500 1800 ¹

298 1937 373 2037 nam
394 1919 486 1984 facile
508 1937 527 1983 a
551 1936 585 1983 se
607 1917 794 2002 impetrauit
817 1918 966 2000 Sulpicia,
988 1924 1024 1984 ut
1039 1920 1103 1986 tria
1117 1927 1220 1988 metra
1234 1923 1324 2004 prius
1340 1941 1427 1990 com·
1499 1933 1500 2020 l

298 2043 475 2105 memorata
502 2037 621 2119 quippe
648 2037 711 2102 iam
742 2057 779 2103 ex
807 2037 907 2103 multo
938 2041 1082 2120 tempore
1110 2042 1243 2122 poetriis
1270 2045 1424 2110 Romanis

298 2159 419 2224 usitata
439 2157 639 2239 neglegeret:
664 2157 721 2222 sed
743 2157 892 2238 eandem,
914 2176 996 2239 quae
1017 2163 1067 2224 tot
1088 2178 1174 2224 noua
1194 2165 1299 2226 metra
1319 2163 1425 2244 prima

297 2279 442 2344 Romane
469 2275 604 2341 feliciter
630 2277 826 2357 tractauerit,
857 2295 966 2342 eorum
992 2297 1055 2343 uon
1084 2297 1147 2342 uuo
1169 2278 1275 2359 aliquo
1297 2281 1424 2344 Musam

297 2396 415 2478 adfari,
445 2396 551 2479 potuit
572 2395 667 2460 alicui
688 2395 802 2460 mirum
824 2378 952 2462 uideri*
966 2396 1050 2461 unde
1069 2395 1245 2462 rectissime
1268 2415 1304 2464 se
1324 2398 1424 2464 habet

297 2517 378 2582 illud
399 2511 490 2598 ‘quin
513 2507 621 2581 etiam'
646 2515 730 2603 male
752 2534 771 2581 a
792 2515 906 2580 Bootio
929 2518 971 2597 [p.
988 2515 1040 2596 14]
1068 2515 1305 2598 reprehensum.
1337 2518 1425 2599 quod
1499 2611 1500 2618 ἵ

299 2641 406 2703 autem
430 2631 532 2700 ‘milia
560 2627 674 2700 melra'
703 2653 739 2699 se
765 2635 900 2717 primam
928 2634 1077 2720 docuisse
1105 2635 1230 2717 puellas
1258 2637 1424 2701 Romanas

300 2756 392 2838 dicit,
416 2775 459 2822 ex
481 2773 568 2821 more
589 2754 714 2835 poetico
742 2773 808 2820 rem
837 2758 1011 2836 exaggerat
1033 2753 1191 2836 Sulpicia,
1220 2759 1257 2820 ut
1278 2755 1426 2820 similiter
1499 2751 1500 2840 j

298 2875 394 2942 nimis
417 2873 556 2957 gloriose
575 2873 616 2938 de
639 2892 674 2939 se
695 2873 861 2955 praedicat
883 2872 1018 2938 Ouidius
1046 2873 1150 2953 [Trist.
1172 2874 1205 2938 ΙΙ
1227 2873 1300 2954 567]
1324 2869 1425 2939 ‘iuter
1499 2861 1500 2878 ²

299 3001 349 3062 tot
364 2992 474 3076 scripti
489 2993 576 3058 milia
590 2985 715 3058 uostri’.
736 2992 809 3072 iem,
828 2989 856 3055 si
866 2985 961 3054 ‘haec
976 2982 1090 3054 metra'
1108 2989 1276 3072 scripseris
1291 3011 1425 3073 mecum,

299 3116 402 3180 altera
416 3131 542 3195 quoque
558 3109 728 3177 difficultas
743 3109 881 3177 tolletur.
912 3127 985 3174 nam
1003 3109 1156 3191 quamdiu
1169 3108 1250 3175 illud
1265 3103 1423 3177 ‘caetera'
1499 3087 1500 3178 l

300 3235 342 3299 ad
364 3233 537 3300 carminum
561 3248 678 3313 genera
699 3228 906 3310 rettulerunt,
927 3247 1098 3311 numquam
1120 3228 1200 3294 illud
1216 3222 1347 3311 ‘prima'
1372 3249 1425 3295 ex·

298 3352 503 3436 plicationem
518 3349 643 3416 habuit:
665 3367 756 3430 nunc,
778 3347 833 3414 ubi
855 3349 1028 3414 carminum
1046 3348 1166 3414 moduli
1184 3353 1259 3414 suut
1273 3349 1425 3427 restituti,
1499 3355 1500 3362 ’

300 3472 420 3555 optime
448 3489 484 3536 se
512 3469 610 3534 habet
637 3460 767 3550 ‘prima’
798 3487 870 3534 uox.
907 3475 992 3534 certe
1022 3467 1062 3532 de
1089 3466 1179 3533 nulla
1207 3466 1332 3551 poetria
1360 3467 1424 3531 Ro·
1499 3515 1500 3520 η

300 3610 396 3658 mana
416 3587 569 3655 traditum
591 3589 643 3654 est
663 3606 745 3669 quae
767 3591 818 3672 (ut
838 3588 922 3653 inter
942 3587 1029 3656 uiros
1050 3587 1190 3652 Laeuius
1213 3590 1247 3651 et
1260 3585 1362 3649 Uarro
1385 3599 1425 3645 ex
1499 3589 1500 3594 ’

301 3708 475 3794 prioribuS,
504 3727 544 3774 ex
570 3706 800 3790 posterioribus
822 3707 987 3772 Annianus
1015 3710 1048 3772 et
1075 3705 1246 3786 Septimius
1269 3701 1424 3783 Serenus)
1499 3741 1500 3768 r

301 3827 512 3913 polymetriae
537 3825 634 3894 fuerit
661 3826 815 3892 studiosa.
849 3827 907 3891 sed
930 3826 980 3890 cui
1001 3825 1048 3890 rei
1069 3824 1126 3890 illa
1147 3827 1318 3886 metrorum
1341 3837 1425 3884 com·
1499 3855 1500 3902 3

301 3947 487 4014 memoratio
513 3951 580 4010 tam
607 3945 717 4010 multis
744 3944 852 4010 uerbis
879 3943 987 4009 fecta?
1016 3943 1163 4007 nimirum
1185 3937 1326 4020 Sulpicia
1353 3955 1424 4003 cum
1499 3995 1500 4002 ,

300 4068 397 4134 Musa
410 4065 615 4132 conlocutura
630 4063 670 4129 ab
686 4081 787 4145 eaque
801 4062 834 4128 in
849 4079 884 4126 re
899 4059 1092 4142 grauissima
1106 4058 1271 4124 consilium
1284 4057 1424 4138 petitura

302 4186 465 4268 Calliopae
485 4185 639 4252 honorem
661 4181 803 4250 debitum
826 4180 878 4248 uel
899 4198 936 4247 eo
952 4178 1107 4262 praebere
1128 4177 1246 4256 studet,
1267 4175 1353 4257 quod
1366 4193 1422 4239 nu-
