3068 4868
14 4367 22 4523 ἱ

14 4757 23 4822 l'

679 367 720 432 21

137 523 200 589 cita
222 522 253 612 in
272 515 381 589 Italia’
404 523 454 604 [ci.
478 519 507 589 n.
523 523 586 604 29],
608 540 692 588 nouo
707 521 762 588 illo
779 521 888 588 addito
903 517 950 586 ‘et
965 521 1135 588 socialibus
1152 514 1262 586 armis'

135 641 255 708 bellum
284 645 372 708 extra
393 641 519 708 ltaliam
549 647 675 725 gestum
704 641 793 708 innui
814 641 847 708 in
869 641 1041 724 propatulo
1063 645 1126 722 est,
1159 645 1196 705 ut
1217 661 1263 707 ex.

134 779 181 844 gr.
204 761 246 826 de
268 761 458 842 expeditone
486 761 678 828 allemanie
708 762 865 827 aduersus
889 761 1050 843 Samnitas
1079 780 1138 843 pro
1167 761 1263 827 sociis

133 879 219 946 fucta
234 879 367 962 cogitari
382 885 529 963 nequeat,
550 899 622 947 cum
643 880 833 963 praesertim
855 880 887 946 in
910 884 977 946 tam
999 880 1142 963 generali
1163 880 1263 947 histo·

133 999 200 1066 riae
214 999 379 1065 Romanae
401 999 616 1083 descriptione
638 1001 745 1067 nullus
769 998 798 1065 ei
819 999 909 1065 locus
932 999 983 1065 sit.
1004 1018 1101 1082 porro
1117 1017 1187 1065 cnm
1202 1000 1262 1066 hoc

134 1118 213 1200 ipso,
235 1117 321 1199 quod
343 1117 385 1184 de
405 1119 601 1202 temporibus
625 1124 699 1184 ante
721 1119 858 1201 primurn
879 1117 996 1184 bellum
1017 1118 1172 1185 Punicum
1195 1120 1262 1202 agi-

133 1241 202 1318 tur,
224 1228 340 1302 ‘orma'
362 1236 420 1304 illa
441 1231 600 1305 ‘socialia'
624 1243 681 1305 aut
702 1237 886 1304 bellatoris
907 1255 966 1319 pro
990 1237 1086 1306 sociis
1110 1244 1262 1321 suscepta

135 1359 192 1421 aut
211 1355 305 1438 illud,
328 1357 413 1439 quod
434 1357 563 1440 proprie
586 1357 704 1424 sociale
726 1357 831 1439 audit,
852 1357 971 1424 bellum
993 1357 1152 1440 explicare
1172 1363 1261 1423 uete-

134 1494 220 1557 mur,
249 1475 325 1559 quid
353 1475 483 1543 lectioni
510 1477 650 1543 traditae
678 1477 832 1543 iaciamus
860 1475 974 1543 incerti
1000 1477 1177 1542 haerenae.
1211 1483 1261 1544 est

134 1594 269 1660 alterum
292 1614 417 1679 quoque
439 1596 471 1661 in
493 1596 639 1663 versibus
661 1597 733 1663 istis
754 1597 840 1678 quod
856 1596 970 1662 merito
986 1596 1164 1679 displiceat.
1185 1616 1260 1663 num
1301 1590 1304 1596 ’

133 1708 259 1781 ‘exilire
284 1715 317 1780 in
344 1714 429 1781 freta
452 1708 610 1782 Sicaniae’
640 1715 681 1781 de
709 1715 827 1782 virtute
847 1717 992 1782 Romana
1020 1715 1157 1797 dictum,
1185 1716 1260 1782 licet
1383 1741 1385 1748 ‘

133 1833 347 1900 audacissime
367 1834 478 1901 hercle.
496 1835 615 1900 dictum
640 1835 699 1916 sit,
728 1838 836 1900 tamen
860 1835 966 1918 aliquo
989 1837 1084 1901 modo
1106 1835 1182 1901 ferri
1203 1855 1261 1918 po-

132 1957 215 2034 test;
246 1954 281 2018 at
303 1946 486 2045 ‘exilire-in
514 1973 604 2020 arces
627 1945 843 2036 Carthaginis’
867 1957 908 2021 de
930 1955 1042 2021 eadem
1070 1960 1259 2037 usurpatum

131 2072 228 2154 plane
255 2070 457 2170 intoleraloile
480 2078 537 2140 est.
569 2074 795 2140 Lachmannns
819 2078 940 2156 autern,
970 2073 1024 2156 qui
1046 2073 1086 2139 ob
1108 2074 1258 2140 metricas

130 2189 273 2258 rationes
295 2192 462 2276 uulgatum
482 2193 651 2260 lectionem
666 2186 885 2276 ‘Carthaginis
908 2193 985 2260 exiit
1006 2184 1110 2260 arces‘
1135 2197 1257 2274 [comm.

131 2311 223 2376 Lucr.
244 2331 275 2394 p.
291 2313 364 2393 208]
387 2313 511 2394 reiecit,
535 2305 657 2378 ‘exciit'
682 2312 777 2379 scribi
798 2312 910 2395 iussit,
932 2313 974 2379 ad
996 2314 1082 2396 quod
1096 2306 1256 2380 ‘Romam'

129 2436 237 2497 mente
252 2431 395 2514 suppleri
408 2431 518 2498 uoluit.
541 2433 600 2498 sed
614 2431 678 2498 iam
691 2433 806 2498 Bootio
823 2437 863 2516 [p.
881 2435 933 2514 11]
954 2436 1021 2499 tarn
1036 2435 1118 2498 dura
1134 2433 1258 2516 ellipsis

128 2554 217 2616 recte
246 2555 316 2617 erat
337 2550 510 2619 offensioni.
541 2570 645 2636 neque
673 2552 763 2635 prius
791 2553 1024 2618 incommodum
1052 2552 1099 2617 ita
1124 2551 1257 2619 tollitur.

129 2670 284 2737 rescribo:
299 2665 419 2736 ‘uirtus
442 2671 565 2754 agitata
586 2671 672 2739 domi
694 2675 719 2736 z't
741 2671 913 2738 socialibus
936 2671 1033 2738 armis
1055 2671 1088 2737 in
1108 2671 1193 2738 freta
1208 2672 1257 2739 Si-

130 2789 241 2856 caniee
263 2794 295 2856 et
315 2790 530 2874 Carthaginis·
550 2791 672 2856 occidit
700 2782 804 2857 arces'
835 2809 934 2857 sensu
962 2795 1074 2874 aperto
1104 2795 1138 2858 et
1161 2791 1256 2858 claro.

129 2927 203 2976 nam
227 2903 346 2975 ‘uictor
364 2909 480 2976 Italiae
506 2910 644 2994 populus
665 2913 828 2978 Romanus
859 2928 929 2977 cum
952 2912 995 2977 ad
1016 2910 1131 2978 fretum
1154 2930 1256 2994 usque

128 3021 345 3111 peruenisset'
369 3034 403 3094 et
423 3028 550 3096 Siciliae
572 3030 747 3114 cupiditate
770 3030 1010 3113 accenderetur,
1035 3025 1158 3114 ‘specie
1188 3031 1256 3114 qui-

130 3148 202 3214 dem
218 3149 322 3216 socios
342 3147 571 3232 [Mamertinos]
588 3149 728 3232 iuuandi,
750 3167 786 3216 re
801 3154 909 3216 autem
925 3149 1118 3217 sollicitante
1132 3150 1256 3234 praeda

127 3268 233 3351 Appio
248 3244 381 3336 Claudio
404 3269 534 3336 consule
556 3269 693 3352 primum
713 3269 831 3336 fretrrm
852 3269 1019 3353 ingressus
1034 3274 1086 3336 est
1099 3267 1256 3336 fabulosis

127 3387 246 3455 infame
273 3388 426 3455 monstris
455 3393 610 3472 aestuque
632 3381 833 3456 uiolentnm'.
862 3389 935 3473 lege
956 3389 1100 3472 Flormn,
1131 3409 1170 3456 ex
1192 3408 1254 3473 quo

129 3512 170 3591 [p.
185 3508 226 3574 29
254 3508 303 3574 ed.
324 3508 416 3590 Iahn]
445 3507 545 3574 uerba
571 3526 654 3591 quae
680 3509 775 3592 posui
804 3513 953 3592 excerpta
981 3513 1065 3576 sunt
1097 3503 1177 3574 utun
1200 3501 1251 3574 ‘it'

126 3631 259 3712 propter
281 3627 450 3712 sequentia
469 3627 612 3710 perfecta
632 3621 775 3695 ‘excidit’
800 3633 834 3694 et
852 3621 1014 3695 ‘abstulit'
1037 3647 1096 3711 pro
1112 3621 1176 3694 ‘iit’
1201 3647 1254 3695 su-

126 3747 275 3813 mendum
299 3751 350 3814 est
370 3747 419 3829 [cf.
441 3747 536 3832 Uerg.
552 3749 630 3814 Aen.
651 3748 698 3814 IX
717 3748 781 3813 418
804 3741 894 3813 tdnm
914 3747 1089 3830 trepidant,
1109 3747 1138 3815 it
1157 3749 1255 3816 hasta

127 3859 228 3950 Tago'
250 3872 282 3933 et
295 3869 332 3933 L.
347 3867 520 3934 Muellerus
536 3868 566 3934 d.
581 3887 605 3933 r.
621 3888 661 3934 m.
683 3888 713 3950 p.
729 3867 813 3948 3991.
834 3886 937 3950 neque
951 3866 1106 3934 iambicus
1120 3870 1254 3936 uoculae

126 3985 217 4052 elisio
247 3991 400 4070 sequente
428 3987 647 4072 monosyllabo
676 3987 774 4055 habet
804 3987 1010 4054 offensionem
1044 3988 1092 4069 [cf.
1121 3988 1252 4055 Lachm.

126 4124 237 4172 comm.
252 4108 345 4171 Lucr.
366 4127 398 4190 p.
415 4107 497 4187 198].
520 4106 727 4174 exscindendi
741 4108 874 4174 uerbum
889 4109 930 4173 de
945 4107 1023 4173 urbe
1040 4107 1146 4174 deleta
1161 4125 1252 4173 usur-

124 4229 236 4308 patum
258 4223 358 4292 habes
381 4228 468 4308 apud
482 4225 658 4310 Uergilium
680 4229 770 4308 [Aen.
785 4228 818 4292 Π
839 4228 928 4307 177];
950 4221 1025 4292 ‘nec
1039 4245 1137 4309 posse
1151 4227 1253 4308 Argo-
