3068 4868
639 357 643 364 ’
692 339 734 405 33

148 489 255 556 uerbis
278 489 407 557 traditis
434 490 512 557 solis
538 489 758 557 immoramur:
790 491 818 557 si
835 510 963 558 uersum
985 491 1189 562 intercidisse
1210 500 1279 564 sta*

147 609 264 690 tueris,
292 627 374 691 quae
391 614 487 676 antea
504 609 705 676 densissimis
728 609 844 676 obruta
864 615 956 676 erant
979 612 1137 696 tenebris,
1167 615 1278 682 statim

147 729 249 794 lucem
266 728 422 811 accipient
440 728 657 795 clarissimam.
689 748 747 812 pro
762 722 939 796 ‘mouente'
958 725 1168 800 P‘monetae'
1192 735 1278 800 exhi-

24 874 25 882 *
146 848 218 929 bet,
247 847 479 930 quodquidam
500 847 645 931 cupidius
669 848 881 932 arripuerunt
911 850 969 916 sed
987 868 1059 916 cum
1082 851 1115 917 in
1132 853 1279 920 Monetae

147 967 266 1049 templo
285 966 464 1050 Capitolino
484 985 604 1049 nespas
628 967 682 1034 uel
707 987 785 1051 apes
805 966 989 1035 nidificasse
1012 970 1109 1037 nullis
1132 975 1278 1040 ueterum

23 1165 24 1170 ἵ
148 1093 314 1153 auctorum
333 1090 456 1153 constet
473 1086 683 1168 testimoniis,
705 1087 738 1152 in
752 1080 926 1155 ‘mouente'
946 1083 1182 1158 uel‘monetae'
1200 1109 1279 1159 uoce

148 1206 234 1272 aliud
259 1205 361 1271 latere
385 1205 462 1269 mihi
481 1205 610 1286 quidem
636 1205 916 1289 persuasissimum
945 1211 1005 1274 est.
1047 1209 1152 1276 Uarro
1175 1210 1227 1290 [de
1243 1230 1279 1277 re

146 1330 226 1392 rust.
243 1324 292 1390 III
310 1325 365 1406 16,
388 1326 419 1405 7]
445 1324 524 1390 haec
548 1325 672 1391 scribit:
696 1320 745 1392 ‘et
761 1330 798 1391 ut
817 1325 868 1392 his
891 1325 953 1392 diis
972 1327 1104 1411 (Musis)
1122 1327 1279 1396 Helicona

148 1449 245 1526 atque
258 1444 416 1528 Olympon
437 1443 654 1528 attribuerunt
670 1445 831 1527 homines,
854 1445 900 1511 sio
917 1445 968 1512 his
987 1447 1128 1529 (apibus)
1146 1446 1277 1514 floridos

148 1568 181 1630 et
196 1563 333 1630 incultos
349 1567 465 1630 natura
482 1563 629 1631 attribuit
645 1558 787 1630 montes?
817 1564 963 1647 poeticae
979 1565 1127 1632 licentiae
1143 1569 1279 1649 permis-

148 1701 217 1750 sum
237 1687 304 1764 est,
325 1683 400 1749 licet
415 1683 493 1750 certi
510 1688 652 1764 montes,
674 1687 711 1748 ut
726 1682 900 1768 Hymettos
918 1690 951 1752 et
965 1685 1088 1768 Hybla,
1110 1706 1188 1769 prae
1206 1687 1277 1754 aliis

145 1803 288 1885 insignes
312 1802 418 1884 apium
435 1801 565 1867 aluariis
586 1806 711 1885 essent,
738 1821 959 1886 quemcunque
978 1805 1090 1872 collem
1116 1807 1223 1890 aliqua
1242 1827 1278 1872 re

146 2039 214 2107 fere
236 2038 377 2121 Sulpicia
398 2037 518 2105 dixisse
539 2039 681 2106 uidetur:

233 2162 389 2234 conuenit,
411 2167 459 2236 ut,
483 2161 583 2238 ueapis
606 2183 667 2220 cum
693 2164 789 2242 apium
814 2164 918 2224 domus
940 2183 1007 2224 arce
1030 2165 1165 2226 Monoeci

230 2284 383 2355 turbabar,
405 2282 555 2341 concurrit
574 2287 663 2342 atrox
684 2281 905 2365 glomerataque
926 2304 1027 2358 regem

228 2403 317 2461 turba
337 2405 442 2475 tegens
464 2401 576 2461 strictis
598 2400 754 2478 perlutae
776 2422 902 2480 corpora
922 2403 1000 2464 telis.

144 2522 290 2583 mutuata
313 2521 364 2582 est
388 2521 496 2582 autem
520 2516 600 2582 illud
613 2511 701 2583 ‘arce
719 2512 876 2584 Monoeci'
904 2539 941 2584 ex
957 2519 1100 2603 Uergilio
1120 2521 1177 2600 [VI
1192 2521 1276 2602 8301.

144 2641 177 2702 et
192 2636 280 2701 haud
297 2653 370 2702 raro
389 2627 558 2701 ‘monoeci’
577 2654 639 2700 uox
657 2635 690 2700 in
707 2629 854 2703 ‘moneti’
875 2644 1025 2722 corrupta
1047 2642 1106 2704 est.
1130 2632 1276 2706 ‘domus’

143 2754 298 2820 uocabulo
321 2754 443 2820 alnaria
460 2754 667 2836 significaturi
682 2755 734 2820 usi
752 2760 828 2822 sunt
845 2761 877 2823 et
891 2758 995 2824 Uarro
1017 2758 1059 2838 [d.
1075 2777 1100 2826 r.
1116 2776 1141 2824 r.
1158 2758 1206 2823 111
1223 2760 1273 2842 16,

142 2875 175 2954 a]
203 2873 420 2956 ansergisus
445 2874 572 2956 [ceorg.
597 2873 749 2956 uvaoey.
782 2876 821 2941 ne
848 2877 956 2959 aprum
982 2897 1060 2961 rega
1084 2877 1123 2944 er.
1149 2855 1271 2944 maa

143 2993 229 3073 [hist.
244 2997 309 3058 nat.
328 2992 374 3057 XI
393 2993 449 3075 17,
469 2993 539 3073 53]:
556 2987 652 3059 ‘mira
664 2992 771 3076 plebei
789 2994 874 3062 circa
891 3014 963 3062 eum
980 2996 1171 3064 obedientia.
1200 3015 1271 3063 cum

140 3111 294 3194 procedit,
316 3131 379 3178 una
396 3115 446 3178 est
460 3117 563 3200 totum
578 3131 710 3179 examen
727 3113 872 3197 circaque
892 3133 964 3180 eum
984 3114 1141 3198 globatur,
1164 3115 1271 3198 cingit,

141 3230 297 3313 protegit,
327 3233 412 3296 cerni
430 3249 492 3296 non
513 3223 658 3312 patitur‘.
689 3237 828 3298 ceterum
852 3251 948 3316 qnam
966 3234 1060 3300 facile
1082 3234 1231 3301 librarius
1251 3254 1272 3301 a

134 3341 311 3415 ‘turbatur'
330 3349 373 3414 ad
389 3368 503 3416 uersus
519 3350 682 3432 sequentis
697 3350 822 3417 initium
838 3353 980 3436 potuerit
995 3353 1144 3421 aberrare
1161 3355 1271 3437 oculis,

23 3471 24 3478 ³
141 3468 193 3535 uel
210 3487 260 3534 me
275 3472 401 3534 tacente
415 3468 616 3562 perspicitur.
648 3471 690 3535 ad
707 3470 807 3536 uerba
817 3465 889 3554 ‘per
905 3465 1052 3555 eorpora‘
1075 3473 1113 3539 cf.
1129 3472 1270 3538 Bulaeus

141 3589 183 3652 ad
209 3587 316 3653 Ualer.
340 3587 443 3654 Flauo.
462 3589 523 3669 IV,
546 3588 617 3654 750.
647 3588 766 3671 optimo
793 3594 901 3656 autem
923 3591 993 3657 iure
1017 3591 1153 3658 Jahnius
1177 3609 1207 3657 u.
1228 3593 1270 3660 52

140 3706 241 3772 uerba
255 3701 400 3788 ‘captiua
422 3706 591 3789 penatibus
616 3701 708 3772 uxor’
732 3707 826 3790 signo
845 3709 994 3792 adposito
1016 3710 1197 3794 deprauata
1216 3711 1270 3776 de-

141 3824 284 3891 clarauit.
313 3844 376 3908 quo
403 3825 485 3892 enim
509 3824 578 3891 iure
602 3844 732 3892 uxorem
761 3827 846 3893 domi
870 3829 1032 3913 relictam,
1063 3829 1270 3910 domisedam,

139 3944 304 4010 nominare
321 3945 411 4011 licuit
422 3937 637 4027 ‘captiuam’r
665 3946 800 4012 duarum
815 3947 1018 4029 potissimum
1036 3968 1143 4015 rerum
1162 3967 1269 4014 amore

139 4063 285 4129 homines
302 4063 343 4128 ad
361 4081 450 4130 arma
466 4064 666 4146 capessenda
681 4065 776 4131 hoste
789 4066 956 4149 ingruente
969 4068 1188 4150 impelluntur:
1210 4084 1268 4148 pa-

139 4181 222 4247 triae
245 4185 278 4248 et
306 4179 452 4248 familiae.
486 4183 581 4248 huius
607 4183 715 4249 autem
741 4187 997 4254 commemoratio
1022 4189 1132 4267 potest
1159 4182 1269 4251 inferri

1044 4313 1061 4370 3
