3068 4868
705 325 727 390 3

149 479 215 543 lum
238 477 409 560 Ugoletum
427 476 634 542 Parmensem
649 476 742 542 Anno
759 474 887 542 Domini
905 477 997 542 1499.
1019 476 1089 543 Die.
1106 477 1145 542 X.
1161 477 1282 544 mensis

149 589 284 680 Iulii‘*).
306 599 475 679 praeterea
495 596 575 661 haec
598 595 730 662 editioni
752 595 918 661 Parmensi
941 596 1086 662 subiecta
1106 600 1196 662 sunt:

192 715 376 799 Expliciunt
405 717 513 796 Opera
544 714 679 780 Ausonii
708 719 823 796 poetae
851 715 1048 782 celeberrimi
1075 715 1282 796 fragmetata:

193 853 276 916 quae
293 841 471 916 temporum
492 833 615 899 incuria
637 834 678 900 ad
700 851 759 900 nos
781 838 1033 917 peruenerunta
1052 834 1182 902 Thadeo
1197 833 1284 916 Ugo-

192 955 258 1020 leto
280 953 446 1020 Parmensi
467 953 636 1036 diligenter
657 953 830 1035 recognita.

194 1075 283 1140 Idem
314 1073 464 1138 Thudeus
499 1071 623 1138 addidit
657 1071 800 1138 eiusdem
832 1072 967 1138 Ausonii
999 1073 1155 1155 opuscula
1187 1073 1284 1139 infra·

195 1194 325 1275 scripta
368 1192 610 1274 Epigrammata
631 1190 780 1257 uidelicet
801 1191 940 1258 nonulla.

195 1310 374 1394 Epistolam
396 1312 438 1376 ad
461 1310 638 1380 Paulinum.

197 1430 370 1496 Perioohen
392 1430 605 1496 Homericam.
716 1466 721 1493 ·.

196 1548 340 1616 Mosella.
432 1553 434 1557 ’

195 1667 393 1752 Opusculum
416 1668 554 1734 deludo
578 1667 707 1750 Septem
730 1666 921 1748 sapientum.

196 1789 386 1870 Gatalogum
407 1787 561 1853 nobilium
583 1785 726 1852 Urbium.

198 1907 376 1990 Sulpitiam.

197 2030 277 2109 Atq3
300 2026 408 2108 aliqua
424 2025 557 2090 Ausonii
571 2011 795 2107 Epigramata:
826 2041 908 2106 quae
926 2023 1044 2090 dieunt'
1061 2021 1289 2092 abibliotheoa

196 2146 328 2228 ¹Georgii
347 2145 521 2210 Alexandri
546 2143 686 2210 fluxisse.

157 2266 242 2347 quod
263 2266 305 2331 ad
328 2263 477 2330 editionis
498 2263 643 2328 Uenetae
671 2262 789 2329 attinet
816 2263 917 2329 uerbo
945 2277 1045 2345 supra
1066 2263 1177 2329 adlata
1201 2259 1288 2329 ‘Sul-

153 2384 252 2467 pitiae
268 2383 415 2450 carmina.
432 2383 527 2448 LXX.
544 2401 626 2464 quae
641 2381 702 2448 luit
717 2381 868 2448 Domitiai
883 2381 1079 2464 temporibus
1093 2383 1205 2465 Nuper
1230 2403 1289 2466 per

154 2503 285 2586 Georgii
306 2503 450 2568 Merulae
472 2496 571 2584 opera
592 2501 625 2566 in
647 2500 749 2566 lucem
770 2494 884 2582 Edita,
912 2501 994 2567 haec
1014 2502 1148 2568 Bootius
1175 2503 1290 2568 scribit

156 2626 197 2705 [p.
211 2624 278 2703 21]ss
295 2617 457 2689 ‘indoctus
476 2621 588 2702 editor,
610 2620 664 2703 qui
686 2639 725 2686 ex
746 2639 810 2686 uno
833 2620 972 2686 carmine
988 2621 1195 2704 septuaginta
1216 2641 1286 2688 uer-

157 2760 249 2806 suum
270 2741 346 2808 fecIt
368 2741 509 2806 carmina
531 2740 634 2820 LXX,
664 2739 792 2821 putauit
818 2757 854 2806 se
875 2757 959 2805 nouo
980 2740 1112 2806 inuento
1134 2742 1285 2806 maiorem

155 2859 251 2926 fidem
272 2860 447 2940 lucturum,
478 2860 505 2924 si
534 2858 714 2940 aGeorgio
737 2859 861 2924 Merulo
883 2863 1046 2955 repertum
1074 2863 1107 2924 et
1127 2859 1160 2925 in
1182 2859 1285 2926 lucem

156 2984 354 3062 protractum
382 2977 527 3060 fingeret.
559 2995 634 3064 nam
664 2977 789 3042 Merula
818 2977 992 3060 scriptores
1023 2978 1063 3044 de
1092 2979 1286 3060 comatico,

157 3097 263 3165 Plauti
283 3097 427 3178 fabulas,
458 3095 639 3162 Martialem
668 3096 795 3178 alioque
823 3115 841 3162 a
862 3095 952 3163 libris
976 3113 1051 3162 mss.
1076 3097 1197 3178 primus
1220 3097 1286 3164 edi-

156 3219 249 3284 derat
270 3222 366 3300 atque
386 3217 484 3299 paulo
507 3219 581 3281 ante
603 3219 736 3281 mortem
758 3214 885 3281 codices
907 3215 939 3281 in
963 3215 1115 3282 coenobio
1136 3215 1288 3284 Bobiensi

157 3336 381 3418 pemolutasse
395 3326 597 3420 plicabatur,
620 3333 770 3400 inductus
788 3334 842 3400 ille
859 3334 1057 3401 Tiraboschii
1075 3335 1189 3416 [storia
1202 3337 1288 3402 della
1425 3423 1426 3428 ἵ

156 3453 416 3523 letter.1tal.VI
443 3474 473 3537 p.
489 3455 521 3519 II
542 3473 573 3536 p.
589 3453 663 3534 744]
692 3451 800 3520 uerbis
828 3452 895 3520 his:
926 3448 962 3520 ‘a
982 3454 1028 3519 lul
1058 3457 1113 3534 [sc.
1132 3455 1286 3534 Merulae]

154 3589 224 3658 par·
253 3574 311 3640 che
339 3572 472 3641 debbasi
503 3571 651 3639 attribuir
679 3571 712 3638 la
738 3575 889 3654 scoperta
915 3573 949 3638 di
977 3573 1158 3639 moltissiml
1187 3573 1288 3638 codici

155 3690 239 3758 latta
259 3693 312 3759 nel
335 3697 518 3760 monastero
540 3692 574 3758 di
594 3690 716 3758 Bobbio
746 3689 853 3757 l'anno
875 3691 974 3774 1494,
1003 3690 1116 3775 dicul
1144 3691 1238 3775 paria
1264 3691 1288 3757 il

157 3804 368 3880 Uolterrano'.

225 3981 252 4050 ⁴⁵)
269 3999 325 4033 cum
350 3984 508 4045 priuilegium
533 3982 591 4031 huie
616 3981 718 4031 editioni
741 3983 905 4044 praemIssum
931 3983 1014 4032 datum
1040 3983 1073 4032 sit
1096 3975 1154 4032 ‘Dlo
1177 3975 1289 4030 XXVIII

157 4085 216 4134 Iulii
231 4085 463 4135 MOGOGLXXXX
481 4077 584 4144 octauo'‚
603 4087 706 4145 apparet
722 4085 771 4132 iam
789 4099 854 4133 auno
874 4087 939 4136 1498
956 4085 1125 4134 recensionem
1142 4099 1159 4132 a
1172 4077 1288 4132 Thudueo

121 4237 139 4264 0
158 4186 296 4237 absolutam
313 4187 405 4250 luisse;
424 4203 499 4249 quare
517 4187 592 4236 editio
608 4186 755 4263 Parmensis,
768 4200 818 4234 non
835 4191 917 4250 potest
933 4189 1042 4248 pendere
1059 4201 1075 4236 u
1091 4187 1194 4234 Uenctc.

1039 4284 1084 4348 1*
