3068 4868
850 340 892 406 18

300 491 398 558 dicas.
427 493 582 576 equidem,
603 493 655 558 cui
669 491 748 558 illud
764 511 784 558 a
799 497 978 559 correctore
990 492 1074 558 Italo
1089 493 1277 575 prouenisse
1293 491 1430 574 uidetur,

302 629 340 678 ex
355 604 501 695 ‘quidnd'
524 610 701 693 elicuerim,
735 612 821 694 quod
844 610 1024 678 sententiae
1046 611 1149 696 magis
1173 629 1348 694 congruum
1370 615 1431 693 est,

300 726 393 814 ‘quid
419 723 486 812 1ic’,
511 729 544 794 id
568 734 633 812 est,
656 723 747 813 ‘quid
769 719 877 797 nunc³.
910 731 1009 798 verba
1031 725 1152 814 ‘patria
1174 723 1317 798 saecula'
1340 729 1429 798 fuere

301 850 355 932 qui
378 850 420 917 ad
442 849 636 932 Uespasiani
659 853 691 916 et
713 848 776 914 Titi
802 853 949 933 tempora
976 850 1140 918 referrent.
1171 852 1257 934 quud
1280 869 1350 917 cum
1373 871 1429 934 per

300 987 354 1050 se,
384 973 451 1036 tum
480 963 614 1052 propter
640 968 720 1035 illud
743 962 853 1052 ‘pater
884 963 1030 1037 decrum'
1053 971 1196 1053 ineptum
1219 975 1278 1036 est.
1321 972 1428 1036 Iouem

299 1088 397 1172 igitur
419 1107 489 1154 cum
513 1087 676 1172 designari
698 1087 860 1172 uiderent,
892 1091 946 1156 alii
966 1083 1100 1173 ‘patrie'
1124 1090 1180 1156 illa
1200 1083 1355 1156 ‘saecula'
1379 1110 1429 1158 ex-

191 1183 198 1201 ’
297 1208 473 1292 plicatione
495 1225 605 1274 carere
622 1208 744 1290 opinati
761 1213 853 1276 sunt:
877 1228 950 1276 narn
967 1207 1098 1276 Saturni
1111 1210 1198 1292 regis
1215 1213 1353 1277 aetatem
1369 1210 1428 1276 sibi

297 1329 480 1396 restitutam
508 1326 663 1410 gratulari
692 1327 800 1408 potius
831 1346 925 1409 quem
955 1329 1064 1394 dolere
1087 1329 1237 1395 debuisse
1258 1329 1428 1406 Romanos.

296 1449 405 1531 itaque
427 1447 616 1527 Hoeuenus,
638 1446 689 1511 uir
711 1445 931 1527 acutissimus,
955 1447 1088 1512 coniecit
1105 1441 1257 1529 ‘pristina
1267 1441 1428 1534 saecula.

297 1573 408 1633 notum
424 1583 502 1630 sane
519 1568 578 1646 cst,
594 1582 693 1631 aurea
709 1563 768 1630 sub
784 1563 923 1629 Saturno
938 1582 1015 1645 rege
1030 1565 1168 1646 saecula,
1184 1566 1298 1647 quibus
1314 1574 1429 1650 sponte

298 1685 405 1751 omnia
418 1683 598 1749 huminibus
614 1681 772 1765 fluxerint,
790 1682 935 1749 certatim
950 1682 1100 1751 laudibus
1116 1683 1230 1766 efferri,
1247 1685 1304 1750 sed
1317 1687 1429 1752 eadem

296 1809 459 1886 tamquam
482 1802 585 1868 omnis
605 1802 739 1868 inertiae
760 1801 975 1886 pigritiaeque
996 1803 1149 1885 fautores,
1172 1804 1290 1887 quippe
1312 1804 1428 1886 quibus

296 1923 385 1989 nulla
406 1923 531 1988 ratione
552 1923 691 1989 uiuerint
711 1922 866 2004 heminae,
897 1923 1039 1989 uicissim
1067 1922 1259 2006 reprehendi
1280 1943 1300 1990 a
1321 1927 1428 2007 poetis

185 2024 189 2030 ¹
296 2043 458 2110 Romanis.
480 2047 549 2108 tum
565 2042 701 2134 demum,
720 2061 790 2109 cum
802 2041 1063 2124 Iuppiterrerum
1075 2045 1145 2108 erat
1156 2043 1287 2126 potitus,
1302 2045 1426 2111 ratione

296 2163 414 2230 uixisse
435 2162 580 2229 homines
604 2161 781 2229 stantibus
804 2161 1004 2248 inueniendis
1027 2161 1200 2243 studuisse,
1224 2163 1426 2230 consentiens

297 2283 471 2349 eorundem
495 2281 647 2350 memoria
669 2285 729 2348 est.
758 2278 833 2346 hinc
856 2280 987 2346 Gratius
1011 2284 1130 2363 [cyneg.
1153 2281 1306 2366 usqne.

404 2410 473 2483 post
495 2405 554 2464 alia
575 2405 715 2482 propiore
736 2403 788 2462 uia
808 2402 975 2482 meliusque
997 2404 1121 2480 profect

323 2595 325 2599 ,
403 2525 582 2599 tesceiam,
604 2523 698 2597 ratio,
720 2525 809 2583 rebus
832 2541 984 2600 sumpsere
1005 2523 1152 2598 gerendis.

403 2645 475 2704 hine
498 2663 584 2705 omne
607 2644 752 2704 auxilium
774 2644 855 2702 uitae
877 2647 1036 2721 rectusque
1057 2642 1170 2703 reluxit

405 2765 477 2825 ordo
499 2769 529 2824 et
552 2763 706 2838 contiguas
728 2761 858 2821 didicere
879 2762 1053 2822 exactibus
1075 2766 1163 2822 artes.

299 2885 332 2947 et
352 2879 513 2963 Uergilius
535 2880 662 2962 [Georg.
684 2883 701 2941 1
724 2878 897 2960 121sqq.],
919 2877 973 2959 qui
996 2875 1230 2944 obuersabatur
1251 2876 1427 2960 Sulpiciae:

708 3006 795 3078 pater
815 3001 880 3078 ipae
903 2999 1019 3060 colendi

404 3123 479 3182 haut
498 3121 618 3196 facilem
639 3141 703 3180 essa
724 3121 805 3180 uiam
824 3119 923 3180 uoluit
942 3119 1116 3198 primusque
1138 3137 1193 3195 per
1213 3123 1308 3178 artem

405 3241 501 3302 mouit
521 3260 623 3317 agros,
647 3240 726 3302 curis
748 3259 857 3300 acuens
879 3239 1018 3300 mortalia
1040 3239 1129 3298 eorda

401 3380 460 3434 ,nec
481 3367 601 3438 torpere
623 3361 708 3437 gram
730 3380 834 3438 passus
857 3378 911 3418 sna
931 3377 1025 3433 regna
1045 3363 1179 3418 aeterno.

405 3489 473 3542 ante
495 3482 589 3540 Iouem
610 3480 686 3541 nulli
708 3480 887 3554 subigebant
908 3497 981 3539 arua
1003 3477 1100 3538 coloni
1123 3497 1184 3558 eqs.

300 3600 333 3664 et
354 3617 384 3666 u.
400 3596 478 3664 145:

405 3724 471 3779 tum
491 3719 593 3780 uariae
613 3738 724 3780 uenere
746 3716 940 3781 artes-labor
961 3717 1062 3777 omnia
1082 3716 1157 3776 uicit

405 3840 558 3917 improbus
581 3843 610 3898 et
632 3839 714 3898 duria
735 3857 845 3911 urgens
866 3837 898 3896 in
921 3838 1010 3896 rebus
1032 3841 1156 3910 egestas.

407 3957 504 4035 prima
525 3959 613 4018 (ieras
634 3958 714 4016 ferro
736 3955 871 4016 mortalis
891 3959 1009 4014 uertere
1031 3960 1140 4014 terram

406 4076 553 4149 instituit,
576 4095 644 4135 cum
664 4075 725 4134 iam
743 4073 866 4151 glandes
888 4078 978 4155 atque
999 4075 1107 4133 arbuta
1127 4090 1228 4132 sacrae

408 4197 570 4258 deficerent
591 4195 684 4256 siluae
706 4199 737 4255 et
756 4193 870 4254 uictum
890 4192 1017 4254 Dodona
1038 4197 1170 4269 negaret.
