3068 4868
180 569 268 635 miris
294 568 397 635 modis
420 567 494 633 huic
509 567 593 650 Lydi
609 585 784 649 cognomen
800 566 1014 633 uindicantes.
1043 586 1124 650 quos
1144 569 1178 635 id
1195 569 1310 653 ipsum,

180 690 266 771 quod
292 707 322 754 u
340 687 360 753 6
380 685 600 752 Clazomenius
625 685 716 778 audit
739 685 925 768 Hipponon,
955 685 1089 754 edocere
1111 689 1218 770 potuit
1239 709 1310 756 sen-

177 795 301 874 tentiae
325 824 404 874 suae
431 805 615 872 uanitatem.
654 805 746 871 nobis
774 811 849 870 ante
876 805 983 870 omnia
1011 806 1071 871 hoe
1096 808 1313 890 quaerendum
1418 813 1419 820 ’

181 927 322 1009 uidetur,
351 927 392 991 de
418 916 557 1007 quanam
581 903 616 990 re
639 923 760 989 monita
784 941 857 989 esse
881 923 962 988 uelit
985 924 1135 1007 Sulpicia.
1171 927 1315 994 indicant

180 1050 286 1112 autem
302 1039 497 1111 uerba‘sine
512 1061 576 1126 qua
589 1042 665 1107 mihi
680 1041 769 1109 nulla
785 1041 935 1124 uoluptas
948 1036 1075 1126 uiuere,
1092 1044 1312 1129 interrogasse
1389 1091 1393 1099 ,

179 1184 266 1245 eam,
295 1183 371 1228 num
389 1163 422 1228 in
444 1167 509 1228 tam
527 1161 613 1227 tristi
630 1161 810 1227 litterarum
829 1161 1008 1244 artiumque
1028 1162 1207 1230 liberalium
1224 1169 1312 1232 statu

178 1283 274 1348 Musa
288 1280 362 1364 ipsa
377 1281 554 1364 migratura
571 1281 622 1347 sit.
645 1282 730 1363 quod
749 1281 878 1346 sirecte
897 1280 1006 1363 posui,
1029 1282 1175 1364 sequitur
1192 1283 1312 1351 inistis

148 1401 149 1405 ’
179 1419 306 1484 quoque
328 1399 437 1466 uerbis
459 1398 616 1482 corruptis
643 1401 684 1465 de
707 1400 821 1467 Musae
843 1417 882 1465 ex
907 1399 1042 1482 Smyrna
1064 1399 1141 1484 fuga
1165 1402 1226 1485 agi.
1258 1406 1311 1470 de·

179 1518 372 1586 monstrauit
395 1523 501 1586 autem
524 1517 760 1588 Werusdorfius
785 1517 818 1584 in
844 1535 980 1586 excursu
1007 1520 1102 1586 docto
1131 1521 1230 1604 [poet.
1255 1523 1310 1589 lat.

178 1640 251 1706 min.
267 1639 331 1720 III,
349 1638 547 1722 493ἒ-496],
570 1657 727 1704 summum
743 1638 909 1703 Musarum
925 1638 1044 1703 cultum
1062 1657 1189 1722 semper
1203 1640 1310 1725 Smyr·

178 1778 239 1825 nae
264 1757 421 1825 floruisse.
459 1777 498 1824 ex
523 1757 585 1823 hae
609 1757 707 1840 igitur
729 1756 825 1839 urbe,
848 1765 948 1839 ‘quam
970 1757 1145 1824 identidem
1169 1777 1189 1824 a
1209 1759 1309 1843 Lydis

177 1883 326 1944 uexatum
344 1877 430 1944 idem
451 1877 550 1944 euicit
567 1875 821 1957 Wernsdorfius,
849 1875 1020 1960 aliquando
1036 1877 1148 1944 Musas
1168 1897 1239 1944 cum
1259 1881 1310 1946 sui

177 1997 355 2063 cultoribus
374 1998 468 2063 hoste
494 1996 641 2062 inruente
659 1995 850 2078 emigrasse,
883 1995 946 2060 etsi
963 2013 1027 2061 non
1047 1997 1144 2062 certis
1163 2003 1308 2066 ueterum

124 2199 127 2206 ι
175 2116 367 2184 testimoniis
383 2116 491 2198 scitur,
510 2120 545 2182 at
558 2133 616 2198 per
630 2133 666 2180 se
681 2119 788 2180 tamen
805 2113 923 2197 oppido
939 2118 988 2180 est
1002 2115 1176 2196 probabile.
1199 2117 1309 2199 itaque

175 2254 310 2319 repono:
332 2231 508 2318 ‘quondam
529 2235 602 2299 dom
622 2233 723 2318 Lydis
739 2233 875 2316 Smyrna
900 2225 1050 2316 peribat.
1080 2233 1120 2300 de
1145 2240 1308 2302 construc-

174 2354 260 2422 tione
277 2354 314 2420 ci.
334 2354 529 2422 Claudianus
547 2355 588 2435 [d.
604 2353 691 2420 laud.
708 2353 776 2420 Stil.
793 2353 826 2418 ΙΙ
844 2352 933 2433 256];
955 2347 1021 2418 ‘me
1046 2370 1172 2436 quoque
1192 2354 1306 2422 uicinis

174 2478 359 2556 pereuntem
382 2466 555 2556 gentibus‘.
592 2492 622 2538 u.
642 2473 681 2538 61
701 2490 759 2556 pro
775 2465 882 2538 ‘uelit'
908 2473 951 2538 ad
969 2472 1161 2538 sententiam
1179 2474 1306 2540 anobis

174 2594 312 2678 positam
329 2593 554 2659 conuenienter
565 2583 886 2658 Burmannus‘uelis'
904 2591 1045 2657 coniecit.
1068 2592 1126 2657 sed
1141 2591 1226 2657 enim
1238 2592 1305 2658 tale

169 2707 279 2837 (τιξῐὶηι
299 2693 446 2794 moneas,
475 2712 614 2794 migrare
631 2704 725 2776 realis'
744 2709 946 2777 intolerabile
961 2715 1020 2776 est.
1051 2709 1161 2792 itaque
1177 2710 1305 2777 restitui

169 2842 268 2930 ‘uet',
290 2849 323 2915 id
342 2853 407 2931 est,
423 2841 530 2915 ‘liuet‘
548 2841 724 2915 vel‘libet'.
743 2885 784 2896 -—
808 2848 847 2913 61
864 2865 932 2930 sqq.
953 2848 1008 2912 uel
1021 2847 1159 2930 deniqne
1175 2847 1304 2931 quiduis

176 2977 231 3048 ta,
257 2969 340 3048 deo,
369 2987 491 3053 qaaere
507 2967 616 3032 eliud:
647 2975 770 3032 tantum
788 2965 940 3031 Romane
962 2965 1085 3030 Calene
1107 2968 1235 3030 moenia
1257 2968 1304 3030 io·

176 3087 298 3152 candes
317 3089 513 3172 pariterque
536 3088 556 3170 †
579 3095 695 3152 auerte
711 3085 860 3152 Sabinos.
891 3085 999 3151 uerbis
1017 3079 1085 3151 ‘uel
1110 3085 1244 3168 denique
1260 3121 1304 3133 -

175 3225 293 3287 quaere
314 3199 416 3274 aliud'
443 3207 568 3290 poetria
588 3207 719 3273 caedem
742 3205 870 3289 tyranni
895 3204 1028 3271 innuere
1051 3203 1189 3270 uidetur.
1219 3203 1304 3270 male

173 3319 410 3415 illud-‘auerte‘
436 3327 469 3392 in
495 3325 709 3409 suspicionem
733 3325 863 3390 uocauit
883 3323 1024 3390 Iahnius.
1063 3327 1151 3389 recte
1167 3322 1302 3390 Bootius

175 3444 302 3527 collegit
318 3444 511 3512 inuersionis
529 3444 675 3528 exempla
688 3444 875 3526 Uergiliana
891 3444 971 3508 haec
993 3443 1061 3523 [ecl.
1078 3442 1140 3510 VII
1157 3443 1211 3524 47]
1224 3437 1303 3508 ‘sol-

175 3563 297 3630 stitium
313 3564 421 3648 pecori
436 3557 609 3631 defendite'
627 3569 660 3631 et
677 3565 803 3647 [Georg.
819 3563 868 3628 ΙΙΙ
885 3561 959 3644 155]
971 3555 1070 3629 ‘nuuc
1086 3563 1236 3644 (pestem)
1251 3580 1302 3627 ar-

174 3682 260 3749 cebis
279 3683 413 3765 grauido
431 3675 563 3766 pecori'.
596 3683 680 3750 adde
700 3683 829 3748 tertium
852 3682 913 3748 hoc
931 3677 1101 3764 ‘suscipite
1118 3683 1250 3747 Aenean
1268 3685 1302 3747 et

173 3802 304 3867 tandem
323 3805 430 3868 arcete
443 3795 594 3885 periclis'.
624 3791 790 3868 ‘Sabinos'
811 3800 964 3884 intellege
979 3799 1147 3883 praedium
1165 3799 1197 3866 in
1213 3800 1301 3883 agris

174 3920 316 4001 Sabinis;
326 3905 328 3908 ⁵
338 3922 385 3987 ita
401 3919 556 3989 Horatius
575 3922 637 4002 [od.
653 3922 686 3986 II
705 3921 762 4002 18,
785 3920 838 4002 14]
848 3915 945 3986 ‘satis
961 3919 1076 3986 beatus
1092 3919 1194 3985 unicis
1211 3919 1301 3986 Sabi-

172 4032 247 4106 nis'.
270 4041 349 4107 haec
367 4046 475 4106 autem
492 4042 651 4107 sententia
668 4041 812 4124 poetriae
831 4045 893 4107 est:
917 4040 985 4106 siue
1002 4039 1073 4121 tibi,
1094 4045 1203 4120 Musa,
1225 4037 1301 4103 emi-

172 4149 273 4240 grare
289 4160 369 4226 libet
384 4161 453 4226 siue
475 4160 563 4225 aliud
579 4179 694 4243 capere
716 4159 898 4240 consilium,
933 4159 967 4224 id
983 4177 1081 4224 unum
1094 4161 1128 4222 te
1149 4174 1242 4238 rogo,
1263 4161 1300 4222 ut

172 4295 257 4343 nunc
275 4277 428 4345 Calenum
444 4297 549 4345 meum
567 4278 687 4345 intuto
705 4279 857 4359 colloces,
886 4277 1004 4359 quippe
1021 4275 1072 4341 cui
1094 4275 1128 4340 in
1147 4275 1232 4341 notis
1250 4294 1300 4341 se·
1323 4307 1326 4318 s

1052 4386 1070 4440 3
1078 4377 1092 4411 t
