3068 4868
786 358 826 424 12

244 509 350 576 dicere
367 509 516 592 potuerit,
537 509 715 592 disquirere
738 509 904 594 simulque,
925 509 1079 592 quidquid
1101 503 1145 576 ad
1165 509 1372 594 explicandos

243 629 329 695 illius
359 647 474 696 uersus
505 635 751 697 commemoratu
781 631 868 696 baud
897 629 1010 695 inutile
1039 629 1217 710 uidebatur,
1250 629 1373 711 afferre,

176 745 177 748 ’
244 767 356 815 omnes
384 748 521 830 denique
549 749 647 830 locos,
677 749 732 833 qui
761 769 800 816 ex
828 749 970 833 priorum
998 754 1167 832 poetarum
1193 749 1371 816 imitatione

243 867 417 950 fluxerunt,
437 866 550 956 sedulo
572 868 721 936 indicare.
832 915 836 922 -

327 987 413 1052 Male
436 991 468 1054 et
485 991 596 1054 contra
616 988 908 1055 uetustissimarum
931 986 1104 1054 editionum
1126 987 1223 1054 fidem
1243 971 1371 1054 carmen

241 1097 371 1173 ‘satira'
392 1107 580 1191 inscriptum
603 1112 661 1174 est.
703 1108 778 1174 hinc
799 1107 919 1173 fectum
941 1107 1023 1172 enim
1047 1112 1106 1189 est,
1126 1111 1173 1188 ut,
1195 1125 1266 1173 cum
1282 1107 1371 1172 illam

245 1243 341 1308 quam
369 1245 389 1292 a
411 1226 540 1292 satirico
567 1227 636 1293 iure
665 1222 868 1310 expectamus
896 1224 1101 1293 acerbitatem
1129 1225 1250 1292 frustra
1275 1245 1373 1309 quae·

244 1349 362 1428 renent,
394 1345 548 1427 nonnulli,
580 1346 669 1412 uelut
697 1346 916 1437 (ieronimum,
947 1345 1087 1428 iniquius
1118 1347 1159 1411 de
1188 1364 1226 1412 eo
1252 1345 1373 1412 ferrent

245 1465 405 1532 iudicium.
448 1470 499 1532 est
514 1469 621 1533 autem
637 1467 677 1533 de
691 1465 854 1533 hommum
869 1466 1083 1532 litteratorum
1098 1465 1373 1548 philosophorum-

246 1603 308 1666 que
339 1582 399 1652 sub
429 1566 612 1652 Domitiano
641 1586 864 1669 persecutione
898 1586 1001 1668 deque
1032 1585 1182 1667 pericuIIs
1213 1585 1372 1683 Sulpiciae

246 1703 361 1769 marito
382 1703 604 1788 ingruentibus
627 1706 831 1789 querimonia,
852 1711 889 1770 ut
907 1705 1005 1772 etiam
1019 1705 1133 1770 Musae
1153 1705 1254 1771 uerba
1276 1709 1316 1784 [u.
1331 1706 1371 1771 68
1503 1781 1512 1790 ,

247 1818 429 1905 ‘pulchrum
451 1817 617 1906 dolorem’]
639 1826 783 1893 iunuunt.
825 1826 907 1908 hinc,
930 1826 958 1892 si
979 1824 1074 1890 titulo
1097 1843 1177 1907 opus
1201 1829 1259 1906 est,
1281 1843 1373 1890 reuo-

246 1927 344 2008 cariin
371 1943 462 2010 illum
489 1962 583 2026 quem
609 1945 732 2012 iamin
761 1945 868 2012 codice
896 1944 1049 2012 Bobiensi
1073 1944 1201 2010 libellus
1228 1963 1307 2027 prae
1336 1961 1372 2010 se

247 2063 336 2128 tulits
358 2058 534 2131 ‘heroicum
556 2065 716 2148 Sulpiciae
739 2057 888 2132 carmen'.

331 2181 369 2250 U.
386 2184 415 2264 1,
429 2185 450 2248 2
468 2185 528 2264 [ed.
545 2185 651 2266 Iahn]:
676 2184 788 2264 Maso,
812 2184 1079 2269 quidemcarnis
1094 2183 1214 2248 heroos
1230 2190 1261 2247 et
1276 2203 1373 2248 ormo

244 2301 449 2386 frequentes,
479 2301 639 2388 sabelium
664 2307 820 2388 permitte
848 2303 923 2367 mile·
952 2304 1105 2368 detexere
1124 2303 1229 2386 pacis.
1273 2302 1374 2368 uerba

245 2415 377 2489 ‘heroas
406 2427 439 2489 et
466 2417 566 2490 arma’
598 2425 772 2496 secundum
799 2424 878 2490 illud
905 2422 1040 2506 Uergilii
1062 2416 1166 2488 ‘arma
1194 2413 1373 2504 uirumque'

248 2539 354 2608 efficta
376 2540 476 2609 habes
499 2545 585 2627 apud
609 2543 746 2610 Statium
774 2542 899 2625 [Achill.
920 2543 953 2608 II
974 2543 1036 2624 80].
1072 2533 1301 2624 ‘frequentare'
1325 2545 1376 2607 est

173 2637 175 2644 ’
250 2660 427 2744 celebrare,
457 2663 605 2743 laudare;
640 2663 679 2729 cf.
701 2663 868 2747 Scioppius
895 2663 1045 2729 ucriass
1068 2663 1109 2727 10
1137 2666 1170 2728 et
1192 2660 1374 2727 Gronouius

250 2781 291 2846 ad
307 2781 449 2848 Senecae
465 2801 550 2849 cona.
565 2784 608 2849 ad
622 2783 719 2849 Marc.
744 2801 767 2850 c.
784 2785 820 2865 33
843 2783 968 2848 Uulcat.
984 2781 1066 2878 Gall.
1082 2780 1175 2846 Auid.
1192 2781 1281 2848 Cass.
1296 2780 1325 2861 5,
1342 2782 1375 2846 7:

247 2895 332 2994 ‘scis
349 2921 479 2968 uersum
502 2921 522 2968 a
542 2903 625 2969 bono
641 2910 738 2987 poeta
759 2904 878 2968 dictum
901 2907 933 3001 et
955 2900 1102 2967 omnibus
1123 2900 1376 2983 frequentatum:

249 3021 391 3088 moribus
416 3015 569 3104 antiquis’
594 3041 660 3106 eqs.
682 3061 724 3070 -
747 3023 904 3088 editiones
926 3022 1061 3102 Ueneta‚
1083 3038 1177 3102 quam
1200 3019 1315 3086 abhinc
1337 3020 1375 3102 V,

249 3145 283 3205 et
311 3141 508 3225 ParmensiS,
539 3144 682 3225 quamP
712 3143 801 3226 siglis
832 3139 1031 3224 significabo,
1060 3134 1225 3206 ‘detexere
1250 3129 1374 3220 paucis'

251 3259 409 3327 exhibent.
438 3281 502 3328 non
523 3267 610 3329 recte
633 3269 738 3330 autem
760 3261 891 3328 Iahnius
913 3260 1040 3327 Heinsii
1068 3258 1281 3325 coniecturam
1304 3252 1376 3323 ‘de-

250 3385 358 3447 terere
373 3375 477 3464 pacis'
500 3381 533 3448 in
550 3386 672 3448 textum
694 3381 855 3464 recepisse
878 3379 954 3446 mihi
972 3379 1108 3445 uidetur.
1131 3396 1204 3444 nam
1220 3369 1375 3458 ‘fabella',

249 3501 356 3583 idest,
377 3518 481 3584 parua
501 3503 642 3568 narratio
665 3501 823 3568 cotidiano
846 3505 879 3567 et
901 3500 1015 3566 humili
1031 3517 1177 3564 sermone
1201 3495 1378 3581 composita

250 3622 303 3685 uel
327 3621 396 3688 sine
418 3621 525 3704 aliquo
548 3621 658 3688 addito
679 3621 759 3689 satis
782 3621 863 3687 bene
883 3619 1054 3703 opponitur
1077 3616 1286 3700 grandiloquo
1310 3634 1379 3681 car-

249 3740 326 3805 mini
356 3741 446 3823 epico
476 3736 617 3822 [heroes
646 3746 679 3806 et
705 3734 829 3822 arma'].
861 3746 895 3806 et
921 3739 1042 3804 tradita
1070 3736 1166 3802 lectio
1195 3735 1378 3802 defenditur

250 3859 377 3926 Horatii
397 3861 468 3928 loco
492 3864 562 3941 [sat.
577 3860 722 3942 15,51]:
737 3855 837 3926 ‘nunc
850 3859 927 3925 mihi
940 3861 1057 3942 poecis
1073 3856 1231 3924 Sarmenti
1248 3872 1378 3921 scurrae

250 3998 391 4062 pugnam
406 3981 567 4061 Messique
583 3979 702 4061 Cicirri,
720 3978 824 4060 Musa,
844 3978 941 4044 uebm
956 3969 1135 4044 memores'.
1158 3980 1202 4060 at,
1222 3973 1378 4057 inquiunt,

250 4098 359 4165 fabula
379 4099 436 4164 illa
456 4098 576 4166 XLVII
599 4101 661 4182 [uu.
679 4098 827 4180 11-58]
854 4097 1012 4179 uersibus,
1042 4116 1108 4162 non
1128 4096 1236 4162 hercle
1257 4093 1378 4176 paucis,

254 4222 387 4286 constat.
418 4237 513 4301 sane,
543 4218 651 4302 siper
673 4236 709 4284 se
739 4221 917 4302 spectatum
948 4216 1003 4284 ubi
1023 4235 1101 4283 nero
1123 4233 1194 4281 cum
1216 4213 1288 4280 aliis
1311 4231 1380 4279 car-
