3068 4868
782 359 802 424 6

229 531 301 582 esse
323 515 421 595 petet.
444 511 646 594 nequeenim
661 511 861 593 mirabimur,
882 510 1025 576 Merulae
1041 508 1216 592 contigisse
1237 509 1360 576 inuenti

229 632 362 715 gloriam
384 651 467 714 quae
487 630 617 713 proprie
639 629 816 696 debebatur
838 629 1025 694 amanuensi
1043 630 1111 695 eius
1127 628 1286 695 Galbiato.
1309 629 1359 694 cui

229 755 360 816 nostrae
373 749 629 832 interpretationi
643 749 755 815 fauent
769 748 910 814 eiusdem
931 748 1081 813 editionis
1095 747 1241 814 Uenetae
1259 748 1361 814 uerba

231 869 423 941 carminibus
438 868 576 934 Pontani
597 870 685 951 (nam
700 868 780 942 baec
797 866 914 948 excipit
929 866 1085 949 Sulpicia)
1108 866 1252 932 subiecta
1265 867 1357 932 baec:

224 983 396 1072 ‘Sulpitiae
411 987 553 1055 carmine
567 1004 649 1069 quae
663 985 724 1052 fuit
735 985 885 1052 Domitiai
900 985 1098 1068 temporibus
1111 1004 1214 1068 nuper
1228 987 1360 1052 aGeor·

230 1108 283 1190 gio
297 1106 422 1174 Merula
436 1106 651 1174 Alexandrino
674 1113 714 1172 cb
735 1105 807 1172 aliis
830 1104 993 1187 opusculis
1014 1097 1160 1186 reperta'.
1182 1123 1278 1187 porro
1300 1105 1360 1171 sci-

233 1245 314 1308 mus,
328 1226 484 1293 Merulam
499 1225 670 1291 nonnullos
686 1225 859 1306 scriptores
875 1223 967 1289 Bobii
982 1228 1127 1306 repertos
1142 1221 1204 1290 sibi
1218 1225 1359 1292 edendos

233 1345 325 1428 quasi
345 1363 542 1412 reseruasse.
571 1344 619 1410 ita
641 1348 726 1410 certe
748 1342 918 1409 Galbiatus
946 1341 981 1408 iu
1001 1341 1065 1408 fine
1086 1341 1296 1425 praefationis
1320 1344 1362 1409 ad

233 1464 473 1532 Terentianum:
496 1459 598 1546 ‘quod
626 1480 702 1530 uero
732 1461 824 1528 nobis
847 1461 1018 1543 superfuit,
1048 1461 1215 1544 diligentia
1243 1468 1276 1528 et
1297 1464 1363 1530 acri

232 1583 351 1651 iudicio
372 1563 515 1650 Merulae
537 1582 876 1664 ...peremeudatum
900 1572 1055 1663 accipies’.
1078 1584 1110 1646 et
1130 1580 1308 1648 Politianus
1329 1582 1362 1648 in

234 1701 374 1787 epistula
395 1703 437 1768 ed
458 1701 613 1768 Merulam
635 1701 738 1768 missu
758 1700 807 1782 [cf.
830 1699 980 1766 Politiani
1001 1701 1093 1782 epist
1114 1699 1168 1766 lib.
1190 1701 1237 1766 XI
1259 1700 1361 1781 iiim]

234 1823 315 1888 baec
337 1819 462 1888 scribit:
486 1816 582 1888 ‘illud
601 1839 653 1886 me
674 1820 785 1886 fateor.
800 1819 896 1886 ualde
917 1819 1034 1900 mirari,
1057 1819 1226 1902 scripsisse
1248 1821 1290 1886 ad
1312 1839 1363 1887 me
1416 1891 1420 1896 ,

234 1941 408 2008 familiares
430 1941 586 2023 quosdam
607 1944 681 2006 tuos
697 1989 704 2004 .
720 1989 728 2006 .
743 1989 751 2005 .
765 1943 798 2006 te
814 1989 821 2006 .
837 1989 845 2004 .
861 1938 1032 2006 sustulisse
1052 1938 1175 2005 animos
1191 1938 1231 2004 de
1246 1938 1363 2006 libellis

234 2059 425 2144 quibusdem
447 2043 541 2126 modo
562 2059 701 2141 repertis
724 2109 731 2124 .
747 2108 755 2124 .
770 2107 778 2123 .
794 2108 801 2124 .
823 2075 879 2124 cur
892 2062 1016 2124 tantum
1032 2057 1122 2124 libris
1137 2058 1177 2123 iis
1194 2059 1316 2126 censeri
1331 2063 1365 2126 te

234 2180 398 2262 postules,
427 2197 509 2261 quos
531 2177 674 2261 auspicio
694 2177 850 2244 Ludouici
868 2175 1005 2244 Sfortiae
1027 2177 1258 2259 sapientissimi
1278 2179 1365 2260 pm'n-

236 2298 316 2381 cipis
337 2297 520 2365 inueneris?
550 2297 640 2366 smus
661 2302 697 2363 tu
719 2295 906 2366 beneficium
928 2296 956 2362 si
978 2296 1175 2379 supprimes,
1201 2298 1286 2379 quod
1308 2317 1365 2380 pe·

236 2422 305 2485 tere
326 2436 421 2499 quem
443 2416 600 2484 latissime
618 2415 723 2498 debet,
743 2435 893 2499 magnam
907 2415 1051 2498 profecto
1072 2416 1105 2482 in
1122 2421 1160 2512 te
1176 2416 1366 2484 calumniam

237 2527 430 2604 condtabis'.
459 2535 511 2602 cui
530 2536 580 2604 ita
599 2535 767 2618 respondit
787 2535 911 2602 Merula
934 2535 1019 2615 [ibid.
1042 2555 1091 2618 ep.
1106 2534 1126 2600 5
1142 2534 1222 2618 fin.]:
1246 2531 1366 2602 ‘caete-

236 2631 307 2722 rum
337 2659 373 2721 ut
400 2655 442 2722 ad
463 2655 562 2724 libros
584 2656 731 2735 redearn,
759 2674 840 2738 quos
869 2655 1012 2736 auspicio
1034 2654 1189 2720 Ludouici
1212 2655 1365 2738 principis

238 2773 498 2844 excellentissimi
519 2794 540 2841 a
554 2775 619 2842 situ
635 2779 668 2840 et
683 2775 862 2857 propinquo
879 2773 1010 2840 interitu
1025 2773 1267 2856 uindicauimus,
1289 2774 1367 2857 quid

237 2915 327 2964 reum
342 2893 519 2962 calumniae
540 2913 591 2960 me
604 2892 706 2962 fecis?
734 2893 828 2975 quasi
841 2891 1029 2980 beneficium
1044 2893 1242 2975 supprimere
1260 2893 1366 2960 uelim.

237 3012 400 3096 publicani
420 3017 586 3080 auctorum
607 3011 737 3080 nomina
757 3017 791 3079 et
813 3030 943 3095 operum
964 3011 1085 3078 titrdos.
1108 3011 1251 3094 gestiunt
1272 3013 1366 3080 credo

238 3133 370 3200 umbrae
397 3135 432 3200 et
453 3130 645 3215 scriptorum
665 3151 793 3214 manes,
824 3132 867 3197 ad
895 3149 975 3213 quos
999 3131 1196 3214 diligentiam
1217 3135 1250 3197 et
1269 3130 1366 3198 fidem

238 3251 382 3320 Merulae
403 3251 467 3318 iam
489 3251 674 3340 peruenisse
689 3256 776 3334 puto.
798 3269 839 3318 an
855 3250 1018 3318 existimas
1040 3270 1080 3317 ex
1093 3250 1230 3334 ingenio,
1244 3249 1280 3346 si
1301 3269 1368 3316 non

238 3378 312 3452 tuo,
340 3375 425 3438 certe
446 3370 619 3442 multorum
640 3389 691 3438 me
713 3389 787 3438 esse
808 3370 877 3454 qui,
902 3369 931 3436 si
952 3369 1124 3437 thesauros
1145 3370 1205 3436 hos
1226 3369 1368 3438 inuenis-

241 3496 324 3572 sent,
345 3489 463 3562 iterum
478 3507 533 3560 eos
550 3482 781 3560 defodissentl'
811 3489 864 3556 bic
885 3489 926 3556 de
941 3489 1103 3558 codicibus
1117 3489 1210 3557 Bobii
1230 3488 1369 3572 repertis

239 3719 342 3766 inuenta
357 3715 458 3774 fuisset,
482 3714 571 3764 mirum
589 3727 644 3764 sem
661 3729 711 3764 non
728 3714 779 3776 legi
799 3714 826 3762 in
843 3714 946 3764 Ausonii
963 3714 1071 3763 editione
1088 3727 1151 3773 quaa
1168 3713 1259 3774 prodiit
1275 3713 1368 3762 Medio-

241 3819 292 3868 lani
308 3819 374 3880 apud
391 3817 502 3870 Uirioum
520 3817 700 3866 sunzenzeller
719 3819 784 3866 149‘1
809 3831 865 3864 cum
887 3817 1040 3878 praelatione
1059 3815 1159 3878 Georgii
1177 3808 1295 3865 Merulae’
1319 3832 1368 3864 non

241 3921 360 3982 estquod
377 3919 488 3982 pluribus
505 3921 625 3979 refellam,
643 3919 764 3980 siquidem
777 3933 857 3979 neque
874 3919 935 3966 mibi
951 3933 1030 3980 neque
1047 3933 1107 3968 uero
1120 3917 1232 3968 Garuttio
1250 3920 1369 3980 plurimas

239 4025 326 4074 ltaliae
341 4021 502 4072 bibliothecas
512 4021 724 4084 perscrutantibus
741 4021 805 4069 bano
817 4021 949 4071 editionem
966 4023 1044 4072 oculis
1057 4022 1180 4083 inspicere
1196 4021 1271 4070 licuit
1289 4036 1369 4082 neque

239 4127 343 4176 Boetius
359 4125 412 4174 eius
429 4125 554 4185 exemplar
569 4124 650 4186 potuit
666 4124 784 4173 mendaci.
801 4124 883 4184 itaque
900 4138 946 4185 pro
964 4125 1048 4174 fabula
1065 4123 1245 4186 typographica
1256 4123 1370 4172 habende

241 4234 292 4291 est3
310 4230 341 4278 ct.
360 4227 485 4276 currens
502 4227 517 4276 l
532 4227 551 4276 1.
568 4241 593 4288 p.
606 4231 621 4279 9
634 4231 659 4276 et
671 4228 713 4276 25.
