3068 4868
676 331 719 400 31

133 491 242 574 fugam
266 503 435 572 capessere
459 486 623 570 inopinato
643 484 767 553 Camilli
793 485 935 550 aduentu
957 483 1162 566 cogebantur.
1195 498 1263 548 cer-

134 609 275 690 tissima,
302 612 394 694 puto,
425 605 646 673 emendatione
668 604 820 687 rescripsi
838 595 1049 686 ‘adiguntur'.
1080 601 1165 670 uto
1181 601 1263 668 bene

134 730 336 794 Burmannus
358 745 417 810 pro
440 717 626 807 ‘extirpare'
652 723 790 791 correxit
811 713 1024 806 ‘exportare’;
1054 740 1129 790 nam
1146 716 1262 788 ‘ferale

136 864 214 913 onus
240 837 412 928 extirpare'
436 843 490 909 uix
512 844 611 910 habet
631 843 839 910 intellectum.
854 879 904 894 ¹-
938 841 982 908 45
998 859 1066 926 sqq.
1096 860 1175 926 erpo
1193 839 1263 904 Νιι-

137 969 297 1030 montiuus
308 965 508 1049 Libycusque
523 965 651 1027 eraserit
668 964 702 1026 ie
717 963 778 1027 isto
796 960 924 1046 Scipio,
948 963 1002 1046 qai
1015 959 1143 1024 Rhodio
1159 961 1263 1034 csend

133 1084 301 1170 formante
323 1085 498 1168 menpisico,
531 1090 642 1146 cetero
667 1091 698 1146 et
720 1083 781 1145 illc
805 1101 917 1146 mances
940 1081 1026 1146 delio
1046 1079 1196 1165 saccaria
1216 1099 1264 1143 se·

135 1205 250 1268 creneio.
296 1203 329 1268 in
347 1202 393 1270 eis
410 1220 492 1285 quae
511 1201 705 1267 antecedunt
727 1200 805 1265 nihil
822 1199 964 1282 inuenio,
996 1199 1037 1266 ad
1053 1199 1141 1282 quod
1165 1197 1265 1264 uerba

135 1317 182 1388 ‘in
198 1315 275 1387 isto²
294 1321 485 1404 pertineant.
506 1321 579 1402 lego
597 1319 707 1402 itaque
722 1321 937 1402 praecedente
954 1302 1185 1401 Oannegictero
1202 1316 1264 1396 [11.

135 1460 165 1523 p.
182 1442 256 1521 374]
275 1436 410 1506 ‘errauit
428 1439 460 1504 in
478 1439 542 1505 isto
562 1439 667 1522 Scipio
687 1431 785 1524 qrrcd'
805 1458 887 1522 eqa,
917 1440 978 1505 hoc
998 1441 1063 1504 est:
1091 1456 1155 1504 non
1178 1440 1266 1503 recte

135 1559 234 1642 igitur
248 1559 323 1627 fecit
339 1558 445 1650 Scipio
462 1559 548 1641 quod
566 1577 602 1625 se
618 1558 772 1625 Panaetio
790 1557 924 1626 tradidit
941 1558 1157 1650 excolendum.
1181 1557 1265 1622 cete·

136 1698 205 1744 rum
220 1678 303 1744 false
321 1678 427 1761 Scipio
446 1678 563 1744 dicitur
577 1682 788 1760 praeceptore
802 1696 880 1744 usus
898 1697 971 1744 esse
986 1677 1149 1758 Panaetio,
1171 1695 1264 1759 quem

136 1797 282 1864 comitem
301 1799 409 1881 potius
427 1797 459 1862 in
476 1796 644 1864 itineribus
662 1801 695 1864 ct
712 1797 797 1862 domi
814 1797 948 1863 amicum
968 1797 1084 1863 circum
1101 1814 1136 1863 se
1152 1795 1264 1862 habuit

137 1915 186 1996 [ci.
201 1915 262 1982 Cic.
278 1918 368 1984 acad.
383 1917 415 1983 II
432 1918 462 1997 2,
478 1917 514 1997 53
536 1935 567 1998 p.
582 1917 663 1981 Mur.
678 1910 729 1998 31,
744 1917 806 1997 66].
828 1915 960 1982 Boetius
974 1921 1082 1982 autem
1097 1915 1144 1981 ita
1159 1918 1200 1997 [p.
1214 1916 1264 1996 11]

136 2035 316 2101 disserens:
337 2030 539 2102 ‘foedissime
558 2040 684 2101 erratur
701 2055 731 2102 u.
743 2035 786 2102 45
798 2054 875 2118 sqq,
898 2035 952 2103 ubi
969 2035 1075 2118 Scipio
1093 2033 1263 2100 Africanus
1303 2047 1305 2051 ’

135 2155 239 2220 minor
256 2155 402 2221 Panaetii
421 2153 597 2237 discipulus
617 2158 760 2238 tempore
777 2155 852 2222 belli
869 2154 980 2221 Punici
994 2154 1129 2220 recaredi
1144 2154 1266 2220 uixisse

136 2265 297 2356 traditur’,
312 2293 375 2341 non
387 2273 567 2341 audiendus
580 2278 637 2341 est.
660 2277 697 2340 tu
707 2267 955 2342 illud‘secundi'
970 2291 1041 2340 cum
1050 2273 1117 2364 ictu
1126 2273 1265 2356 quodam

138 2393 323 2474 pronuntia:
356 2394 466 2460 statim
485 2392 642 2476 Scipionis
666 2393 752 2461 illius
769 2393 902 2460 iunioris
922 2399 955 2460 et
971 2393 1103 2462 Catonis
1120 2399 1266 2477 tempora

138 2512 222 2577 inter
240 2530 275 2578 se
291 2513 442 2596 opposita
459 2512 568 2580 habes.
599 2513 802 2595 nequeenim
818 2513 999 2581 mirandum
1016 2519 1082 2596 est,
1111 2514 1197 2596 quod
1211 2513 1267 2579 ille

139 2635 214 2697 ante
230 2631 315 2698 hunc
334 2637 612 2715 commemoratum
642 2651 794 2716 quaeres
811 2637 943 2716 propter
960 2632 1127 2715 sequentia
1150 2633 1267 2699 euenit.

138 2750 202 2816 iam
223 2750 303 2817 illud
322 2746 450 2817 ‘manus
467 2751 551 2818 bello
570 2751 710 2818 facunda
727 2745 881 2824 secundo’
899 2752 1039 2835 poetria,
1068 2755 1105 2821 nt
1122 2752 1267 2836 plerique

13 2867 19 2890 '
137 2869 377 2953 intellexeruut,
407 2871 536 2955 scripsit
563 2873 650 2939 haud
673 2873 836 2940 immemor
858 2871 962 2938 Porcii
983 2871 1085 2938 Licini
1114 2889 1266 2938 uersuum

139 2989 232 3070 [Geli.
252 2990 345 3058 XVII
367 2991 436 3072 21];

266 3113 396 3176 Poenico
418 3113 497 3174 bello
520 3113 649 3175 secundo
671 3116 759 3174 Musa
779 3115 904 3194 pinnato
927 3114 1021 3190 gradu

266 3232 370 3293 intulit
392 3254 423 3294 ae
443 3232 616 3294 bellicosam
635 3235 669 3294 in
690 3235 809 3296 Romuli
830 3240 950 3310 gentem
970 3235 1073 3296 feram.
1096 3267 1138 3278 -

138 3348 181 3418 48
199 3367 267 3433 sqq.
297 3370 377 3434 qnos
407 3353 494 3416 inter·
519 3352 628 3436 prisci
652 3353 813 3416 sententia
839 3351 897 3416 din
925 3349 1060 3416 Catonis
1085 3353 1172 3419 scire
1198 3351 1269 3415 dcis

137 3446 248 3553 mapni
259 3468 393 3554 fecisset
408 3477 557 3536 ratramne
574 3471 724 3536 semendis
742 3490 786 3536 aa
799 3472 902 3556 mopis
917 3470 1067 3538 aduersis
1081 3478 1186 3536 staret
1205 3471 1268 3534 flo-

137 3609 238 3654 maua
251 3608 414 3674 propapo.
460 3588 601 3672 Sulpicia
617 3589 657 3657 ob
674 3590 783 3657 oeulos
801 3589 914 3656 habuit
928 3589 1098 3656 Horatium
1114 3590 1222 3674 [sati
1238 3591 1268 3674 2,

138 3709 179 3774 31
198 3703 398 3794 ιιΓιιιιιιο
421 3706 543 3776 uirtute
564 3713 650 3791 esto,
677 3707 781 3792 inquit
804 3709 966 3776 sententia
987 3709 1043 3776 dia
1067 3705 1208 3776 Catonis'
1235 3713 1288 3775 et·

140 3826 205 3912 [od.
220 3828 336 3910 11121,
359 3829 411 3910 11]
426 3823 538 3912 ‘prisci
556 3820 710 3895 Catonis'.
732 3848 762 3893 u.
778 3829 821 3894 49
846 3829 931 3912 quod
945 3829 1063 3911 legitur
1078 3822 1176 3896 ‘deis'
1195 3829 1268 3896 Iah-

95 3981 101 3990 ’
138 3948 212 4012 nius
229 3948 369 4030 scripsit:
386 3940 492 4014 ‘deos'
508 3948 543 4014 P.
562 3948 592 4021 V
610 3948 751 4015 tradunt.
774 3951 825 4014 est
839 3953 945 4015 autem
960 3948 1041 4014 illud
1054 3941 1150 4016 ‘deis'
1172 3968 1269 4032 prop-

13 4045 15 4128 ἓ
137 4056 229 4132 terea
244 4067 397 4134 reiculum
416 4067 502 4150 quod
517 4085 609 4134 nemo
626 4067 708 4134 bene
727 4081 826 4136 sanus
842 4070 950 4150 potuit
967 4068 1163 4151 disceptare,
1186 4068 1269 4134 deis-

139 4203 182 4252 ne
198 4186 346 4270 propitiis
370 4205 411 4253 an
435 4187 580 4276 aduersis
596 4185 740 4254 floruerit
755 4205 840 4270 resp.
854 4188 1007 4254 Romana.
1035 4181 1269 4270 igitur‘secun-
