3068 4868
657 381 700 446 29

115 539 260 619 quantur.
293 538 370 601 sunt
392 533 446 616 qui
472 533 615 599 homines
642 533 704 598 dici
729 535 845 614 putant
870 531 1011 598 Graecos
1035 531 1076 597 ob
1097 533 1245 600 humani·

114 659 214 721 tatem
229 655 315 721 solos
329 654 492 720 hominum
505 653 632 719 nornine
644 652 768 734 dignos,
783 671 850 717 uon
863 635 991 718 solliciti
1004 649 1044 717 de
1055 651 1242 733 pleonasmo

114 773 321 854 intolerabili,
352 773 406 856 qui
431 773 531 839 oritur
552 772 712 854 iungendo
737 771 860 836 Graios
883 774 916 836 et
935 770 1114 835 Graiorum
1137 771 1241 838 uides.

116 894 144 959 si
161 896 276 977 poetae
292 891 394 975 ipsius
412 911 551 958 errorem
569 891 682 957 tollere
696 889 828 971 uellem,
851 890 1104 958 commendarem
1119 891 1244 959 Canne-

117 1011 230 1094 gieteri
245 1011 516 1078 emendationem:
549 1010 727 1074 Graiorum
742 1009 943 1073 hominumue
952 1011 1171 1094 roliapoimos
1186 1031 1242 1076 ur-

115 1124 191 1196 bes'.
222 1149 282 1197 nos
305 1130 417 1212 igitur,
445 1130 500 1212 qui
518 1146 705 1211 quocunque
724 1132 835 1211 poeta,
866 1127 936 1194 siue
955 1128 1086 1212 antiquo
1105 1130 1175 1196 siue
1195 1148 1243 1198 re-

116 1249 215 1330 centi,
247 1249 330 1315 tales
349 1249 489 1332 ineptias
507 1249 656 1331 indignas
679 1266 750 1314 esse
766 1251 932 1330 putamus
960 1249 1126 1315 recensitis
1150 1251 1243 1318 uanis

115 1370 323 1450 interpretum
339 1361 515 1450 conatibus,
533 1368 700 1434 uideamus
714 1387 789 1440 num
806 1387 846 1433 ex
859 1367 1081 1435 emendatione
1092 1368 1242 1436 auxilium

115 1487 221 1572 possit
237 1487 311 1570 peti.
341 1488 427 1553 ultro
451 1490 557 1554 autem
571 1492 677 1570 patet,
706 1488 806 1554 uerba
824 1505 897 1554 esse
913 1486 1073 1570 Sulpiciae
1091 1487 1242 1554 dicentis:

116 1607 191 1674 olim
206 1607 347 1674 Graecos
361 1605 571 1689 philosophos
589 1591 836 1690 arcessiuimus,
847 1625 931 1673 nunc
947 1607 1049 1673 eidem
1065 1607 1097 1673 in
1115 1607 1242 1674 exilium

115 1727 292 1792 mittuntur.
325 1726 479 1808 adquam
498 1725 689 1792 sententiam
711 1726 851 1808 poetria,
880 1745 963 1809 quae
981 1728 1077 1792 modo
1098 1745 1178 1793 uoce
1195 1729 1243 1794 in-

109 1823 331 1928 dignabunda,
341 1829 446 1927 'quasi
461 1849 587 1911 tantum
601 1845 706 1912 scelus
721 1845 852 1911 duceret
866 1845 1073 1929 impossibile,
1096 1865 1134 1912 ex
1147 1848 1243 1913 Musa

116 1966 331 2048 quaesiuerat:
355 1959 454 2031 ‘nunc
467 1965 565 2048 igitur
580 2015 588 2031 .
651 1965 804 2032 excedere
821 1957 962 2046 iussit?'‚
983 1965 1038 2047 ita,
1060 1965 1123 2032 nisi
1139 1964 1242 2049 fallor,

115 2085 286 2150 transitum
299 2084 430 2166 parauit
444 2089 481 2150 ut
492 2085 698 2150 exclamaret:
714 2078 814 2166 tquod
829 2077 982 2152 facinusl'
999 2103 1073 2150 nam
1086 2084 1243 2152 traditum

113 2199 204 2286 ‘quid
217 2196 375 2286 facimus',
398 2205 441 2270 ad
455 2203 541 2287 quod
557 2202 791 2270 defendendum
806 2204 940 2270 Bootius
954 2222 1055 2287 praue
1069 2204 1239 2298 Horatium

116 2324 219 2403 [satl
239 2325 265 2405 1,
284 2323 443 2404 saetae]
462 2323 606 2406 contulit,
628 2323 715 2389 nullo
733 2324 828 2390 modo
846 2344 866 2390 a
883 2323 1025 2406 Sulpicia
1041 2324 1161 2391 dictum
1181 2329 1241 2409 est,

117 2461 188 2508 cum
205 2443 300 2508 huius
318 2446 351 2510 et
364 2443 579 2509 Romanorum
604 2443 693 2509 nulla
713 2447 800 2510 esset
817 2443 850 2508 in
868 2443 1019 2511 eiciendis
1041 2444 1242 2528 philosophis

115 2581 201 2646 pars.
234 2563 266 2628 in
294 2562 400 2629 uerbis
429 2563 636 2645 sequentibus
661 2568 783 2629 rectam
808 2562 894 2629 uiam
915 2562 991 2629 iniit
1009 2563 1141 2630 Iahnius
1171 2582 1242 2630 cum

115 2682 275 2748 coniceret
297 2676 388 2747 ‘olim
411 2681 636 2765 requisiuimus
661 2674 754 2747 urbi.
787 2700 861 2748 nam
878 2675 982 2748 ‘olim’
1007 2686 1140 2766 propter
1163 2683 1242 2749 illud

112 2793 223 2868 ‘nunc’
248 2801 281 2867 in
298 2821 328 2868 u.
342 2803 383 2868 41
406 2802 503 2884 plane
525 2806 575 2869 est
596 2802 822 2869 necessarium.
851 2800 945 2868 facile
967 2807 1074 2868 autem
1092 2802 1242 2871 librarius

115 2919 231 3002 aliquis
251 2940 310 3004 pro
327 2914 430 2987 ‘olim’
446 2921 554 3005 legere
575 2923 680 3005 potult
695 2913 843 3004 ‘hoium’,
872 2940 942 2988 curn
965 2922 1154 3005 praesertim
1171 2919 1243 2989 ‘ho-

115 3032 248 3105 minum'
264 3040 365 3107 altero
377 3041 492 3108 abhinc
505 3060 603 3108 uersu
617 3042 772 3124 scriptum
787 3041 959 3108 memoriae
973 3042 1040 3110 eius
1053 3042 1242 3110 inhaereret.

115 3160 175 3226 sed
191 3161 219 3226 si
236 3177 307 3226 cum
323 3161 434 3227 eodem
451 3160 563 3228 Iahnio
580 3161 746 3245 scripseris
759 3140 869 3244 ‘urbi‘,
897 3179 961 3228 non
976 3161 1040 3228 iam
1059 3162 1179 3244 poterit
1195 3162 1242 3230 lo-

115 3296 188 3345 cum
206 3278 349 3346 obtinere
371 3299 469 3347 uersu
487 3281 588 3348 altero
606 3281 640 3348 id
658 3281 744 3364 quod
763 3285 814 3348 est
828 3273 1013 3363 ‘Romana',
1042 3283 1084 3348 ad
1101 3283 1186 3364 quod
1203 3302 1242 3348 ex

113 3398 235 3464 tradito
258 3399 366 3482 potius
385 3393 507 3467 ‘urbes'
530 3401 686 3468 uocabulo
710 3402 854 3484 suppleri
875 3400 970 3468 debet
987 3391 1104 3468 ‘urbs'.
1132 3401 1242 3486 itaque

113 3535 187 3583 cnm
203 3536 307 3601 neque
320 3513 452 3586 ‘Graios
467 3513 575 3587 urbes'
593 3525 726 3605 propter
742 3539 879 3604 sequens
889 3515 955 3587 ‘his
971 3513 1147 3604 magistris'
1166 3520 1243 3587 scri·

113 3636 191 3703 bere
213 3637 309 3704 liceat
332 3643 365 3705 et
381 3638 487 3722 ipsum
507 3640 690 3723 requirendi
706 3641 837 3709 uerbum
855 3639 932 3706 mihi
950 3640 1134 3724 displiceat,
1162 3641 1243 3708 haec

114 3756 182 3823 lere
193 3757 340 3840 quamuis
352 3760 592 3827 cunctabundus
602 3764 740 3843 tempto:
756 3753 942 3827 ‘Graiorum
953 3763 1030 3825 olim
1040 3781 1116 3826 ecce
1123 3763 1243 3845 peliaci-

114 3864 322 3944 mosurbes'ss
336 3883 448 3946 natum
459 3883 510 3947 est
521 3884 627 3947 autem
638 3873 772 3962 ‘graios'
788 3873 980 3964 ex‘graici’.
1002 3900 1034 3947 u.
1045 3880 1089 3946 40
1099 3875 1240 3965 ‘magis’,

114 3996 201 4078 quod
219 3997 288 4063 sine
303 4016 401 4065 causa
418 3998 618 4082 suspectauit
634 3999 784 4082 Iahnius
807 3999 909 4067 artius
927 4018 998 4067 cum
1012 3999 1068 4067 illo
1083 3993 1164 4066 ‘his'
1184 4005 1241 4081 (sc.

114 4133 212 4198 quam
222 4115 299 4182 belli
310 4117 486 4200 magistris}
498 4119 694 4202 iungendum
704 4123 736 4186 et
747 4120 859 4186 eodem
870 4120 966 4202 plane
978 4121 1071 4187 modo
1085 4139 1146 4203 quo
1158 4118 1242 4185 infra

17 4275 18 4286 κ
113 4253 147 4301 u
159 4234 201 4300 50
216 4229 490 4321 positum'acquat
507 4238 573 4306 lere
588 4242 732 4306 nostrum
747 4232 946 4320 ‘vielmehr';
969 4238 1007 4306 cl.
1025 4239 1093 4306 Cat.
1110 4239 1172 4320 [68,
1188 4239 1241 4320 30]

111 4349 173 4437 ‘id
187 4354 298 4437 Manli,
314 4375 379 4424 non
389 4362 440 4424 est
450 4362 553 4442 turpe,
568 4357 672 4442 magis
683 4356 833 4425 miserum
845 4349 920 4424 esc'.
936 4393 976 4406 -
997 4357 1039 4424 41
1054 4375 1122 4443 sqq.
1144 4376 1242 4438 aune,
1291 4439 1294 4444 Α
